3218 5424
329 495 392 557 568
716 507 835 552 nantcrr
851 503 1102 552 onsziooritctsnn.

328 674 454 756 gratiae
469 673 577 738 locum
593 669 774 755 praebeant
799 692 837 736 ao
862 691 922 754 pro
940 691 978 736 eo
995 679 1183 754 agnoscant,
1200 691 1294 755 quem
1308 691 1353 736 mo
1367 671 1444 740 vrae

328 803 408 848 sacr.
435 800 517 846 caes.
533 800 598 862 reg.
615 777 690 842 Mus
706 779 846 862 signatio
863 799 932 843 esse
948 778 1057 844 voluit.
1073 779 1150 844 Hoc
1164 779 1261 846 modo
1276 779 1350 848 Vrec
1364 801 1443 844 sacr.

328 911 409 956 caes.
435 910 500 972 reg.
525 886 586 952 Mei
603 886 711 952 nullus
737 891 787 951 est
811 886 939 970 planior
965 893 999 951 et
1031 887 1212 972 expeditior
1226 909 1278 952 me
1293 889 1324 952 in
1339 887 1443 952 eadem

330 998 490 1081 dignitate
516 993 741 1070 substituendi,
767 995 801 1060 in
828 1015 892 1077 qua
922 1000 1022 1078 prout
1052 995 1264 1061 authoritatis
1279 994 1352 1062 Vrec
1366 1017 1443 1060 sacr.

329 1129 411 1172 caes.
428 1127 494 1190 reg.
519 1104 595 1170 Mu·
618 1104 870 1184 conservatione,
895 1105 1145 1188 augustissimae
1164 1105 1278 1171 domus
1304 1105 1444 1172 Austris-

328 1237 385 1281 cae
411 1215 516 1298 gloria
536 1236 574 1279 ac
598 1213 716 1278 iurium
741 1213 832 1296 regui
849 1211 1041 1296 Hungariao
1065 1214 1282 1296 immunitate,
1297 1221 1446 1280 statuum-

328 1345 391 1407 que
410 1323 552 1389 omnium
568 1321 785 1403 restitutione,
801 1341 853 1386 me
869 1321 911 1387 ad
926 1322 1036 1388 omnia
1051 1318 1161 1387 fidelia
1176 1323 1308 1388 servitia
1321 1322 1448 1388 habebit

326 1437 484 1517 perpetuo
494 1430 777 1513 devinctissimum,
787 1429 1113 1514 obsequentissimum
1125 1437 1157 1496 et
1167 1431 1452 1515 diligentissimum,

327 1561 410 1624 quae
421 1540 520 1604 etiam
536 1543 738 1604 sacramento
749 1559 820 1603 sum
836 1537 1094 1620 confirmaturus,
1109 1539 1165 1604 ubi
1182 1538 1264 1606 Vrae
1280 1559 1357 1604 sacr.
1372 1559 1450 1604 caes

327 1671 393 1732 reg.
417 1646 479 1712 Mu
499 1648 602 1712 visum
617 1645 725 1712 fuerit.
749 1645 905 1712 Praestat
920 1668 1004 1730 vero,
1020 1669 1100 1712 sacr.
1116 1667 1199 1712 caes.
1217 1669 1282 1731 reg.
1298 1646 1378 1711 Mtas
1392 1645 1454 1710 Vra

328 1779 386 1822 suo
421 1761 502 1821 nutu
536 1761 569 1820 et
602 1757 709 1838 gratia
742 1777 793 1820 me
825 1756 932 1838 potius
958 1755 1104 1820 obtinere
1137 1755 1228 1820 illam
1260 1755 1454 1840 dignitatem,

329 1887 427 1948 quam
443 1871 479 1929 ut
489 1864 572 1928 alius
591 1885 650 1930 sua
660 1863 835 1929 ambitione
851 1885 916 1929 uon
932 1863 1054 1948 absque
1065 1861 1186 1929 offensa
1202 1885 1281 1929 suae
1297 1883 1377 1929 caes.
1392 1884 1454 1946 reg.

329 1971 404 2036 Mtit
428 1971 562 2038 invadat
586 1977 644 2037 aut
668 1972 857 2056 praecipiat,
883 1973 1073 2055 praesertim
1099 1971 1187 2056 quod
1212 1993 1272 2054 ogo
1288 1971 1369 2036 nibil
1386 1993 1453 2035 sum

329 2101 472 2163 unquam
499 2085 592 2145 tanta
618 2079 789 2162 diligentia
805 2085 986 2162 curaturus,
1004 2101 1101 2163 quam
1117 2084 1155 2145 ut
1169 2077 1261 2148 Viam
1280 2099 1454 2145 saccones.

330 2211 397 2272 reg.
407 2187 504 2254 Mtem
520 2189 554 2254 in
569 2211 620 2254 me
636 2210 830 2273 propensam
848 2209 886 2254 ao
896 2188 1071 2271 benignam
1086 2187 1184 2252 fuisse
1201 2209 1367 2270 nunquam
1382 2209 1453 2271 poe-

329 2298 443 2380 niteat,
469 2319 507 2363 ao
531 2303 672 2380 utraque
688 2296 857 2363 Moldavia
873 2297 907 2360 in
922 2293 986 2361 fide
1002 2319 1041 2362 ao
1058 2294 1165 2361 officio
1182 2294 1262 2364 Viae
1279 2317 1359 2360 sacr.
1375 2316 1454 2360 caes.

330 2429 397 2491 reg.
422 2405 497 2471 Meis
524 2405 637 2472 debito
662 2407 877 2472 contineatur.
898 2402 962 2488 Qui
978 2405 1071 2470 doleo
1098 2425 1230 2488 operam
1245 2411 1282 2468 ut
1298 2405 1454 2488 amplissi-

328 2536 397 2580 mos
422 2514 547 2580 fructus
574 2514 683 2599 capiat
701 2513 766 2580 Vra
783 2535 863 2580 sacr.
889 2535 971 2578 caes.
988 2535 1052 2597 reg.
1070 2511 1152 2577 Meas
1170 2517 1202 2577 et
1218 2534 1277 2576 sua
1292 2513 1326 2576 in
1342 2533 1393 2576 me
1410 2513 1454 2577 di·

328 2624 481 2706 gnatione
500 2629 568 2688 tam
584 2622 661 2688 belli
679 2644 776 2706 quam
789 2623 884 2706 pacis
910 2627 1063 2706 tempore,
1082 2620 1179 2688 modo
1195 2617 1259 2688 Vra
1275 2641 1356 2685 sacr.
1374 2642 1457 2686 caes.

328 2753 392 2814 reg.
409 2729 491 2794 Mtas
508 2751 598 2794 suam
624 2731 657 2794 in
673 2751 724 2794 me
740 2731 879 2814 gratiam
895 2731 957 2796 bac
973 2730 1140 2796 occasione
1156 2727 1377 2793 demonstrare
1394 2751 1456 2793 non

328 2839 489 2922 dignetur,
516 2860 613 2922 quem
637 2845 748 2922 petere
769 2863 833 2906 non
850 2840 890 2905 ob
908 2839 997 2905 alind
1013 2839 1125 2904 induxi
1142 2838 1176 2902 in
1192 2837 1344 2919 animum,
1359 2859 1458 2920 quam

327 2952 365 3011 ut
380 2945 519 3012 habeam
529 2943 727 3028 facultatem,
737 2967 796 3030 pro
807 2947 886 3013 Viae
898 2968 921 3012 s.
938 2969 963 3012 c.
979 2969 1044 3030 reg.
1054 2945 1129 3012 Meis
1145 2969 1184 3011 ac
1199 2946 1335 3010 inclitae
1345 2944 1460 3010 domus

328 3052 524 3120 Aust-riaoao
539 3054 573 3118 in
589 3075 695 3120 meam
704 3053 862 3119 familiam
877 3055 1002 3137 merito,
1020 3053 1179 3119 serviendi
1196 3059 1228 3117 et
1244 3051 1461 3136 gratificandi,

328 3187 465 3249 quorum
490 3165 717 3230 necessitatem
743 3164 804 3247 ipsi
821 3164 959 3228 maiores
975 3163 1038 3228 mei
1055 3183 1179 3228 summo
1195 3159 1290 3227 modo
1306 3160 1386 3225 mihi
1402 3163 1460 3224 im-

328 3280 514 3357 posuerunt,
540 3279 610 3338 tum
629 3293 669 3336 ne
685 3271 745 3337 tali
762 3271 865 3353 cedat,
882 3271 938 3355 qui
955 3277 989 3336 et
1006 3272 1156 3354 ingratus
1171 3267 1256 3334 soret
1273 3273 1307 3333 et
1322 3267 1460 3352 privatis

329 3380 505 3448 commodis
514 3382 647 3466 publica
656 3385 841 3465 postponat.
853 3376 949 3461 Quod
959 3383 1068 3446 autem
1083 3380 1117 3443 in
1134 3379 1349 3463 suspicionem
1365 3375 1460 3442 affec

328 3491 391 3556 tati
415 3490 506 3574 regni
530 3487 690 3554 Poloniae
707 3509 776 3552 sum
793 3487 966 3572 adductus,
984 3486 1072 3571 apud
1086 3485 1180 3554 Viam
1195 3507 1276 3551 saer.
1293 3506 1376 3551 caes.
1394 3506 1461 3569 rog.

328 3599 423 3665 Mtem
448 3619 622 3684 purgarem
637 3617 689 3661 me
705 3595 862 3680 pluribus,
878 3595 912 3660 ni
938 3602 971 3661 et
986 3594 1166 3660 fidelissimi
1180 3593 1260 3662 Vrsa
1276 3615 1358 3660 sacr.
1379 3615 1464 3660 caea

329 3730 394 3792 reg.
419 3707 494 3772 Mus
511 3713 544 3771 et
568 3727 620 3772 res
644 3704 715 3787 ipsa
740 3708 848 3768 tantos
873 3703 1006 3787 spiritus
1034 3704 1203 3787 concipere
1218 3724 1268 3768 me
1284 3724 1351 3767 non
1366 3724 1464 3787 posse

329 3816 459 3881 omnino
489 3817 682 3880 excusarent
706 3811 793 3894 apud
810 3831 890 3876 sacr.
907 3833 988 3876 caes.
1005 3832 1070 3895 rog.
1088 3810 1182 3876 Mrem
1197 3809 1308 3880 uram:
1324 3811 1464 3894 proinde

328 3925 483 3990 submisse
494 3923 630 3989 eandem
640 3941 727 4004 roge,
737 3941 778 3984 ne
793 3920 868 4004 plus
884 3920 1011 3986 tribuat
1025 3919 1090 3988 Vra
1107 3941 1187 3985 sacr.
1204 3940 1285 3984 caes.
1301 3941 1368 4002 reg.
1378 3917 1464 3984 Μῒτῑ8

328 4033 418 4098 vanis
443 4029 664 4112 relationibus,
692 4049 790 4111 quam
815 4024 959 4092 fidelium
977 4025 1270 4093 informationibus.
1286 4026 1351 4093 Eis
1366 4027 1466 4098 Μ]

327 4162 407 4206 sacr.
425 4160 506 4206 caes.
517 4160 581 4223 reg.
598 4138 694 4203 Mtem
711 4135 891 4202 diutissime
907 4135 1014 4200 valere
1031 4135 1190 4203 desidero.
1208 4135 1335 4202 Datum
1350 4157 1391 4202 ex
1411 4157 1466 4202 oa-

329 4249 404 4314 stris
420 4247 463 4312 ad
479 4245 627 4313 Zerench
639 4246 757 4331 'positis
774 4243 825 4309 die
844 4247 894 4308 13.
911 4242 1111 4326 Decembris,
1125 4266 1209 4310 anno
1225 4243 1347 4309 domini
1367 4247 1465 4308 1607.

435 4353 588 4422 Eiusdem
611 4376 691 4422 sacr.
710 4375 789 4420 caes.
806 4374 873 4436 reg.
889 4351 965 4416 Mus

767 4462 897 4528 humilis
912 4458 1018 4528 fidelis
1034 4481 1073 4526 ac
1087 4465 1265 4546 perpetuus
1280 4461 1418 4527 servitor

729 4569 847 4640 Comes
864 4567 1001 4640 Gabriel
1019 4569 1161 4636 Bathori
1176 4569 1217 4637 de
1234 4567 1358 4638 Somlio
1374 4593 1415 4635 m.
1432 4593 1465 4658 p.
