3042 5404
441 579 447 589 Ι
510 511 778 570 leotincinse.
1114 507 1176 568 241

0 696 1 727 l
69 683 182 748 bratem
198 681 442 766 decreverimus,
452 703 517 766 quo
528 689 673 768 tempore
689 702 827 767 eaquae
846 701 915 747 ere
930 649 1072 748 omnium
1083 689 1188 766 erunt,

70 791 145 856 etad
155 811 354 856 communem
364 793 489 874 patriae
499 792 639 856 salntem
648 791 866 875 pertinebunt,
876 791 910 856 in
926 791 1065 856 medium
1081 791 1189 876 proie-

67 921 171 982 remus,
180 921 218 965 oc
228 899 268 964 de
278 900 318 964 iis
327 921 393 965 una
402 919 474 964 cum
484 899 557 965 aliis
567 899 704 966 dominis
714 899 886 983 regnicolis
901 905 1080 965 statuemus
1090 905 1123 964 et
1133 899 1188 965 de·

68 1007 273 1074 liberabimus.
283 1007 428 1074 Proinde
439 1028 495 1074 vos
503 1007 755 1090 hortamur,imo
766 1008 865 1072 etiam
875 1009 1004 1076 nomine
1015 1029 1094 1073 sacr.
1105 1029 1188 1073 caes.

67 1113 460 1200 liajestatisharumserie
479 1117 710 1182 committimus
720 1121 753 1182 et
772 1116 963 1182 mandamus
973 1115 1101 1199 eisdem,
1112 1138 1190 1200 qua·

69 1223 267 1288 tenusexillo
277 1221 397 1307 oppido
408 1229 515 1288 vestro
525 1229 598 1290 octo
620 1245 660 1288 ex
679 1223 836 1290 fratribus
846 1224 912 1288 suis
928 1224 1012 1288 viros
1028 1245 1142 1308 graves
1157 1227 1191 1290 et

70 1353 244 1414 nurerum,
255 1337 356 1414 etque
366 1331 569 1398 authoritate
584 1333 744 1416 pollentes
761 1331 902 1416 deligere
917 1353 956 1398 ac
973 1353 1038 1396 una
1054 1353 1126 1397 cum
1138 1331 1191 1416 ju·

69 1439 132 1503 dire
146 1447 248 1504 vestro
261 1438 303 1504 ad
313 1438 396 1503 diem
413 1447 447 1504 et
457 1441 562 1505 locum
581 1439 826 1524 praescriptum,
835 1438 891 1505 nbi
908 1459 966 1504 nos
983 1459 1112 1523 quoque
1128 1438 1189 1504 deo

70 1545 142 1610 bene
154 1547 285 1630 juvante
296 1547 512 1629 personaliter
527 1545 699 1628 aderimus,
710 1567 782 1612 cum
796 1547 901 1629 plenis
911 1545 1072 1612 mandatis
1081 1567 1190 1612 rerum

70 1653 141 1718 inibi
151 1653 392 1720 tractandarum
403 1660 436 1719 et
446 1653 741 1720 concludendorum
751 1654 958 1738 negociorum
968 1653 1076 1736 gratia
1086 1659 1190 1720 trans·

72 1763 187 1826 mittere
197 1761 300 1827 modis
310 1760 458 1826 omnibus
469 1761 618 1846 debeant,
631 1766 665 1826 et
681 1767 863 1826 teneantur.
875 1759 950 1826 Hoc
965 1781 1030 1826 uon
1047 1767 1191 1847 praeter·

71 1871 166 1952 misso,
181 1869 266 1954 quod
282 1891 356 1935 oum
373 1889 412 1934 ex
428 1869 519 1936 vobis
535 1877 703 1936 curatores
719 1875 933 1953 proventuum
950 1869 1108 1952 regalium
1119 1869 1188 1954 qui·

72 1976 136 2041 dam
160 1979 325 2043 extiterint
349 1999 370 2042 a
394 1977 511 2062 quibus
537 1979 621 2062 exigi
638 1977 745 2044 adbuc
760 1979 845 2044 ratio
862 1999 925 2044 non
941 1979 1057 2062 potuit,
1073 1979 1097 2044 ii
1113 1999 1190 2062 quo·

73 2106 126 2167 que
151 2106 221 2150 cum
245 2087 311 2152 suis
336 2085 489 2170 regestris
515 2085 549 2150 in
573 2085 721 2170 personis
749 2084 870 2168 adesse,
895 2105 933 2150 ac
959 2083 1139 2168 plenariam
1157 2093 1190 2152 et

73 2193 273 2260 omnimodam
298 2193 470 2278 superinde
494 2193 653 2260 rationem
670 2191 805 2257 reddere
820 2197 853 2257 et
870 2213 939 2256 sese
955 2193 1108 2277 expedire
1124 2195 1190 2258 sint

74 2301 205 2384 obligati
229 2301 330 2369 secus
355 2323 420 2368 non
444 2301 574 2384 secturi,
598 2300 824 2384 praesentibus
844 2299 1004 2384 perlectis,
1022 2299 1190 2366 exhibenti

73 2411 227 2476 restitutis.
251 2410 377 2475 Datum
401 2409 436 2474 in
461 2409 593 2474 civitate
610 2405 785 2492 Ooleswar,
810 2407 965 2491 vigesima
984 2409 1122 2492 septima
1138 2409 1191 2475 die

75 2520 178 2582 nensis
187 2517 388 2584 Decembris.
398 2513 497 2582 Anno
514 2515 634 2582 domini
649 2515 821 2581 millesimo
837 2516 1068 2582 sexcentesimo
1085 2517 1192 2582 tertio.

168 2659 210 2729 G.
224 2661 330 2730 Basta
345 2685 386 2728 m.
402 2683 432 2746 p.
963 2655 1016 2746 (L.
1033 2657 1082 2746 S.)

167 2769 315 2836 Exhibiti
336 2770 387 2836 die
404 2773 425 2835 4
440 2767 465 2834 J
467 2769 594 2835 aunarii
605 2767 710 2854 judici
727 2767 881 2850 primario
898 2788 938 2833 m.
955 2789 984 2851 p.

322 2920 478 2993 (Ercdetije
495 2918 571 2978 Dede
592 2919 694 2978 virosa
711 2915 930 2990 reverterim).

607 3110 647 3178 L.

463 3239 558 3304 1604.
579 3237 742 3322 januar
764 3225 798 3300 ⁸4.

212 3375 300 3430 Busta
315 3373 476 3444 osnateeja
491 3391 524 3428 aa
539 3374 622 3426 1604.
634 3373 697 3440 joa.
718 3369 803 3424 raia·
816 3367 1040 3440 erazdppydldrre.

173 3491 336 3578 Georgius
354 3489 458 3558 Basta
473 3497 532 3556 sat.

170 3601 281 3668 Judici
306 3599 462 3686 primario
490 3599 692 3682 coeterisque
705 3597 825 3681 juratis
841 3595 963 3662 civibus
980 3593 1090 3679 oppidi
1106 3593 1193 3660 Dees

81 3706 244 3776 salutemet
259 3707 450 3776 benevolam
466 3707 571 3774 nostri
586 3703 905 3773 commendationem.
922 3699 1077 3786 Quemvis
1095 3703 1193 3768 eomi-

82 3815 181 3884 tiorum
201 3821 285 3886 diem
310 3817 428 3884 festum
454 3813 671 3882 conversionis
686 3812 751 3878 divi
776 3811 873 3878 Pauli
898 3809 1049 3896 apostoli,
1065 3809 1128 3876 boc
1144 3816 1194 3876 est

83 3923 249 4007 vigesimum
274 3928 424 4012 quintum
449 3923 602 3990 Januarii
627 3923 771 4007 proxime
791 3917 924 3986 affuturi
940 3917 1009 3984 iore
1026 3917 1194 3984 coustitui-

4 4107 8 4122 ,
84 4033 198 4102 erimus:
213 4043 323 4102 temen
339 4055 412 4100 oum
428 4055 448 4100 a
463 4031 683 4098 sacratissima
699 4049 850 4096 caesarea
865 4027 1042 4112 Majestate
1058 4033 1092 4092 et
1107 4026 1194 4092 litte·

4 4207 10 4238 ·.
85 4159 130 4207 ree
143 4151 172 4208 et
189 4145 366 4229 peculiaria
390 4141 545 4209 mandata
570 4139 612 4208 ed
637 4143 742 4204 status
760 4142 794 4204 et
809 4135 938 4202 ordines
954 4134 1051 4220 hujus
1066 4135 1193 4218 provin·

4 4241 5 4246 ¹
87 4245 141 4314 ciae
162 4249 411 4337 Trausylvaniae
440 4250 505 4314 sint
530 4247 640 4328 allata,
665 4251 704 4312 ut
728 4245 767 4310 iis
793 4243 832 4310 de
848 4243 944 4308 rebus
960 4263 1014 4308 eos
1040 4243 1193 4308 certiores

5 4339 7 4350 ¹
86 4351 247 4446 laceremus,
272 4365 447 4445 antequam
473 4361 686 4442 praenotatus
701 4353 831 4422 futurae
848 4349 1109 4434 congregationis
1125 4348 1193 4416 dies

88 4473 194 4542 praesto
210 4476 303 4553 esset,
319 4467 492 4534 statuimus
508 4486 548 4530 ex
565 4463 711 4549 quolibet
727 4459 845 4546 oppido
861 4459 999 4526 fratrum
1015 4463 1194 4524 vestrorum

5 4637 10 4662 ‚
35 4640 40 4651 ,
90 4579 173 4640 cotos
187 4577 339 4662 quosdam
350 4577 435 4642 viros
445 4573 692 4659 Meggyesinum
702 4569 745 4638 ad
761 4567 985 4635 duodecimum
1002 4565 1086 4630 diem
1102 4587 1194 4650 prae·

6 4755 10 4766 ,
90 4679 154 4746 laeti
173 4684 264 4771 hujus
287 4685 407 4752 mensis
425 4682 579 4750 Januarii
604 4699 791 4762 convocare,
816 4681 978 4762 quatenus
993 4673 1194 4740 voluntatem

133 4823 574 4881 Melytomtmfflerlfflmleksss·
1053 4802 1085 4852 ¹0
