3218 5424
751 552 869 599 uenturi
885 551 1140 602 cusatecrdntsuu.

894 767 989 838 XOL

806 883 901 945 1608.
919 879 1006 964 jan.
1025 885 1076 946 19.

418 1014 442 1068 A
459 1015 567 1069 radenda·
576 1034 608 1070 az
620 1015 683 1069 olth
698 1015 845 1085 oqjddnok,
862 1033 895 1068 az
909 1015 1013 1083 erddlyi
1025 1017 1140 1086 itqyekbe
1154 1017 1218 1070 volo
1232 1017 1439 1070 iader-eruribt'de'arr

853 1105 959 1174 asclepa
968 1106 1022 1176 sel.

480 1202 685 1286 Rudolphus.

478 1311 624 1377 Illustris
639 1309 746 1376 fidelis
762 1309 889 1377 dilecte.
900 1308 1128 1394 Significatum
1143 1312 1239 1377 nobis
1255 1319 1305 1378 est
1318 1313 1351 1378 in
1363 1313 1473 1397 pristim

371 1443 427 1486 vos
452 1420 552 1486 animi
568 1419 738 1484 devotione
753 1439 834 1502 erga
848 1439 908 1484 nos
924 1439 964 1485 ac
978 1417 1139 1484 fidelitate
1156 1427 1343 1487 constanter
1356 1440 1473 1505 perseve-

371 1551 453 1610 rare,
464 1528 551 1614 quod
561 1533 748 1612 pergratum
766 1527 860 1592 nobis
876 1528 992 1593 auditu
1008 1535 1066 1611 est,
1083 1530 1139 1611 qui
1154 1530 1352 1612 singularem
1366 1550 1476 1616 propen-

372 1637 516 1702 sissimae
532 1637 711 1702 voluntatis
719 1635 974 1719 inclinationem,
992 1658 1091 1719 quam
1107 1638 1141 1702 in
1156 1659 1214 1704 vos
1229 1639 1295 1705 iam
1312 1639 1425 1723 pridem
1437 1659 1477 1721 ge·

370 1746 481 1828 rimus,
505 1745 576 1828 ipsa
595 1765 631 1810 re
646 1744 818 1810 ostendere
834 1745 943 1828 parati
960 1745 1069 1810 simus.
1085 1743 1220 1828 Pergite
1236 1745 1333 1811 modo
1347 1768 1401 1830 pro
1415 1752 1477 1810 ten·

370 1857 458 1939 poris
483 1855 650 1922 occasione
676 1852 833 1938 quicquid
856 1856 905 1918 rei
932 1853 1130 1920 christianae
1154 1856 1240 1920 bono
1260 1854 1362 1936 cedat,
1376 1875 1480 1938 promc-

371 1985 445 2029 vere
461 1985 499 2029 ac
514 1970 624 2029 vestra
640 1985 678 2030 eo
695 1963 832 2030 consilia
856 1983 896 2028 ao
914 1961 1024 2027 studia
1040 1961 1194 2028 conterre.
1212 1960 1310 2046 Quod
1327 1967 1482 2048 opportune

370 2072 465 2137 modo
476 2070 535 2136 fiat
545 2093 617 2136 cum
627 2093 738 2137 curam
749 2071 789 2137 de
805 2072 933 2152 integro
949 2076 1097 2137 nostram
1108 2070 1151 2136 ad
1166 2091 1218 2136 rea
1228 2071 1478 2148 Transilvanicaa

369 2187 407 2246 ut
417 2181 528 2264 quieto
538 2180 571 2244 in
582 2185 672 2244 statu
681 2185 891 2263 reponantur,
902 2177 1115 2260 extendimus,
1126 2178 1392 2262 quemadmodum
1400 2177 1485 2263 pluri·

369 2287 431 2354 bus
445 2308 501 2353 vos
512 2287 667 2352 certiores
683 2285 802 2351 facturi
818 2306 939 2366 sumus,
954 2285 1011 2350 ubi
1027 2285 1070 2350 ad
1086 2285 1146 2350 has
1161 2291 1293 2351 nostras
1309 2307 1329 2351 a
1343 2285 1424 2351 vobis
1446 2304 1486 2347 re-

370 2418 522 2481 sponsum
532 2396 760 2480 acceperimus
775 2395 840 2460 Est
854 2393 985 2459 interim
1001 2393 1089 2477 quod
1106 2393 1146 2458 de
1162 2392 1376 2460 beneficentia
1389 2397 1488 2458 nostra

369 2502 460 2568 vobis
476 2502 631 2588 quicquid
646 2503 719 2568 usui
730 2503 781 2588 sit,
796 2499 1084 2586 speretis.'Datum
1099 2499 1231 2584 Pragae
1248 2507 1301 2566 19.
1317 2503 1427 2566 mensis
1434 2497 1487 2564 Ja-

369 2611 581 2695 nuarij,anno
599 2615 694 2677 1608.

480 2727 571 2783 Sation
580 2749 590 2782 :
605 2728 729 2783 Radulio
744 2727 892 2783 Vaivodae
907 2725 1072 2783 Valachiae.

474 2832 612 2908 Egykont
630 2833 753 2893 mdsolat
772 2833 883 2892 abdcsi
899 2853 937 2892 cs.
954 2832 984 2892 ds
1000 2836 1054 2890 kir.
1071 2833 1120 2892 tll.
1136 2836 1168 2892 lt.
1184 2835 1281 2908 Hung.
1297 2833 1395 2892 Gemit.

886 3021 1003 3092 ΧΟΠ

826 3155 921 3216 1608.
942 3150 1049 3216 febr.

532 3271 558 3324 A
573 3271 676 3340 tajdzve
693 3269 915 3325 azc'oettezdadncb
931 3270 1038 3340 pontjai
1052 3268 1176 3339 Battara
1195 3267 1342 3324 detonat

1574 3019 1578 3118 ,

479 3403 969 3490 Conditioneaquibue
994 3401 1201 3469 Andreas
1226 3401 1351 3490 Nagy
1373 3402 1492 3469 etJo-

371 3537 505 3582 annes
531 3513 643 3580 Elek
667 3515 814 3600 acalij
842 3513 1333 3600 capitaneiiuratique
1358 3532 1492 3580 eorum

371 3623 634 3708 consiliarij
674 3643 718 3688 se
752 3623 1045 3706 obstringere
1074 3619 1493 3708 ‚voluntmagnisico

371 3726 1492 3816 GabrieliBathory;propoeitaeincivitateDeb
1575 3729 1576 3772 ἰ

370 3861 537 3910 reczen.
557 3837 736 3929 (qumcte
757 3841 988 3928 pe‘tdctnybac:
1013 3835 1405 3905 Annoldttflmense
1428 3836 1494 3904 re·
1573 3843 1576 3860 ”

370 3947 573 4038 bruerio)

478 4058 554 4128 Art
578 4058 711 4146 primus.
737 4053 1010 4141 Quandoquidem
1034 4055 1141 4142 prima
1165 4076 1203 4121 ea
1228 4076 1307 4122 cura
1322 4075 1391 4121 esse
1406 4051 1495 4120 debet
1574 4025 1575 4028 Ἴ

371 4173 512 4239 omnium
536 4167 711 4249 homiuum,
735 4169 773 4230 ut
789 4165 963 4231 creationis
979 4185 1018 4230 ac
1032 4162 1106 4230 finis
1122 4185 1201 4231 suae
1216 4183 1374 4228 memores
1390 4163 1448 4228 deo
1464 4179 1493 4226 se
1573 4231 1575 4245 Ι

371 4283 533 4369 addicant,
556 4277 729 4368 praecipue
754 4294 829 4340 vero
854 4273 1015 4359 principes
1034 4274 1168 4340 solliciti
1193 4293 1261 4338 esse
1277 4273 1420 4340 debeant
1434 4276 1493 4337 tam
1572 4263 1574 4336 Ϊ

371 4416 430 4462 sua
456 4415 554 4481 quam
579 4387 787 4458 subditorum
805 4405 927 4468 caussa,
943 4390 981 4449 ut
997 4383 1104 4449 cultus
1121 4381 1247 4448 divinus
1262 4383 1297 4447 in
1314 4379 1492 4449 concredito
1572 4377 1574 4440 ἒ

371 4503 433 4571 sibi
442 4525 544 4588 regno
555 4520 635 4588 pure
652 4495 906 4576 administretur,
918 4491 1105 4576 subditique
1122 4491 1246 4575 inpace
1262 4492 1493 4556 conserventur.
1572 4567 1574 4590 ἓ

370 4612 499 4682 Idcirco
515 4614 619 4700 primo
635 4609 705 4674 loco
723 4609 881 4689 optamus,
897 4603 935 4665 ut
950 4621 1008 4666 sua
1025 4597 1265 4684 magnificentia
1281 4591 1493 4664 iure-iurando
1572 4595 1574 4648 ἐ

372 4744 405 4790 se
416 4725 577 4814 astringat
587 4738 696 4788 coram
706 4713 825 4780 nostris
840 4708 1107 4800 praedicantibus
1122 4707 1242 4795 legatis
1258 4721 1492 4793 permansuram
1571 4747 1573 4812 ἰ

1566 5081 1572 5231 1
