3062 5414
468 509 561 564 1601.
577 515 673 566 aaron
685 535 727 548 -·
738 515 824 566 trau..
1169 505 1211 568 87

84 681 143 747 nici
158 681 270 766 legati,
288 681 358 746 siue
375 679 524 746 dominus
541 679 688 764 minoda,
705 681 754 746 vel
771 681 957 766 quicunque
973 682 1041 768 alij,
1056 687 1114 750 aut
1129 683 1213 750 clam

84 792 208 856 sinistre
224 790 393 856 Maiestati
410 789 451 858 V.
468 811 547 856 sacr.
571 791 800 874 suggesserint,
825 799 884 857 aut
899 792 1008 876 palam
1024 795 1059 858 in
1084 795 1214 878 scriptis

84 898 294 964 exhibuerint
305 898 460 983 Supplico
470 898 640 964 Maiestati
652 897 692 966 V.
699 895 792 964 Gaea
802 900 851 964 uti
863 898 994 966 domino
1005 900 1136 968 domino
1148 901 1211 966 cle-

82 1009 288 1091 mentissimo,
298 1008 518 1092 digneturilla
533 1007 613 1072 mihi
629 1009 737 1092 speeie
753 1014 811 1073 aut
827 1009 974 1092 proponi,
991 1011 1098 1074 autin
1113 1011 1213 1094 scrip-

84 1115 296 1182 tisextradari
305 1116 618 1200 benignemandare.
639 1113 731 1199 Quae
747 1115 802 1180 nbi
813 1137 890 1181 vera
900 1115 1022 1182 luerint
1039 1123 1213 1202 comperta,

83 1246 138 1289 nec
155 1245 208 1289 me
218 1225 303 1290 iuste
324 1245 478 1290 excusare
493 1231 618 1310 potero,
634 1246 693 1308 pro
710 1223 886 1307 aequitatis
902 1231 936 1288 et
952 1225 1144 1292 clementiae
1160 1247 1211 1292 ra·

82 1333 167 1398 tione
193 1334 259 1398 suis
282 1332 388 1400 modis
412 1334 534 1416 puniat.
554 1331 591 1399 si
605 1338 715 1398 autem
740 1333 925 1398 innocentia
939 1353 1013 1400 mea
1037 1332 1207 1400 Maiestati

83 1441 120 1508 V.
144 1442 333 1524 innotuerit,
358 1442 455 1508 solita
480 1463 538 1508 sua
568 1442 602 1507 in
632 1442 821 1507 innocentes
845 1442 952 1525 gratia
973 1449 1007 1507 et
1038 1443 1212 1510 clementia

82 1572 128 1614 me
152 1571 281 1634 quoqne
307 1550 550 1634 complectatur.
577 1547 664 1632 Quia
688 1571 764 1614 vero
789 1549 939 1616 dominus
958 1551 1096 1618 vaiuoda
1120 1552 1208 1620 bona

82 1659 283 1742 episcopatus
307 1659 380 1742 mei,
397 1657 625 1741 utplurimum
645 1679 684 1722 ex
700 1659 871 1742 prouincia
886 1658 1064 1742 impetrata
1079 1659 1121 1724 ab
1136 1661 1208 1744 ipso

1 1829 2 1832 ,
81 1769 170 1832 venia
179 1767 321 1850 discessi,
331 1767 549 1850 occupauerit,
560 1772 689 1832 centum
700 1788 778 1832 vasa
786 1767 929 1832 maxima
944 1769 1008 1832 vini
1026 1767 1211 1854 abduxerit,

82 1873 218 1940 decimas
228 1876 307 1940 item
318 1873 513 1939 distraxerit
531 1872 685 1957 Supplicc
701 1873 871 1938 Maiestati
886 1871 928 1941 V.
945 1873 1098 1958 dignetur
1113 1874 1210 1939 intel·

81 1981 178 2065 ligere
203 1983 272 2047 euie
296 1982 375 2048 lacti
401 2003 531 2047 causam
557 1979 723 2046 adomino
755 1980 902 2063 vaiuoda,
919 1982 945 2046 si
962 1982 1039 2046 illae
1055 1979 1209 2047 insuffici-

82 2097 169 2155 entes
183 2091 313 2174 fuerint,
330 2113 444 2174 cogere
461 2089 504 2156 ad
520 2089 759 2155 restitutionem
771 2089 908 2153 eundem
919 2089 1084 2155 dominum
1101 2091 1209 2154 raino·

81 2197 159 2263 dam.
187 2195 343 2282 Quamuis
370 2221 429 2282 ego
454 2199 488 2263 in
503 2197 566 2264 boc
582 2219 639 2262 suo
665 2198 751 2262 iusto
783 2197 881 2262 exilio
906 2219 970 2262 non
999 2199 1083 2264 tanti
1100 2219 1208 2264 curem

81 2308 315 2372 restitutionem
341 2307 532 2373 damnorum
564 2305 739 2386 illatorum,
765 2325 862 2388 quam
887 2305 1092 2370 innocentiae
1117 2326 1209 2370 meae

82 2414 348 2482 testificationem.
365 2413 480 2499 Quam,
505 2414 582 2480 dum
607 2413 662 2479 ille
680 2419 795 2479 contra
813 2435 865 2477 me
884 2412 965 2478 nihil
981 2411 1075 2479 solidi
1092 2435 1209 2499 propo·

1 2585 2 2590 ,
82 2523 186 2604 suerit,
210 2523 371 2589 Maiestas
395 2521 436 2591 V.
454 2545 533 2588 sacr.
558 2522 653 2588 facile
680 2525 860 2604 cognoscet.
886 2519 1055 2604 Intelliget
1079 2544 1208 2607 quoque

82 2629 234 2696 Maiestas
250 2629 291 2698 V.
308 2653 359 2696 me
376 2631 417 2696 ab
434 2632 505 2716 ipso
521 2631 626 2696 solum
643 2629 684 2696 ob
704 2651 775 2694 eam
786 2651 916 2694 causam
927 2630 1083 2696 reiectum
1099 2629 1208 2714 fuisse,

83 2739 155 2820 qnia
179 2743 289 2823 partes
314 2738 501 2804 Maiestatis
525 2737 566 2805 V.
584 2738 742 2803 acerrime
759 2737 793 2802 in
818 2737 968 2802 omnibus
984 2739 1208 2805 occasionibus

86 2851 193 2911 contra
207 2847 314 2932 ipsum
339 2845 478 2930 defendi,
503 2845 588 2911 unde
604 2867 656 2911 me
672 2845 835 2910 interdum
861 2867 1049 2930 germanum
1066 2848 1207 2914 vocitare

1 3013 2 3020 ,
82 2953 207 3037 solebat
236 2976 343 3020 coram
360 2954 499 3020 dominis
515 2951 729 3020 senatoribus.
745 2951 838 3018 Idem
854 2951 917 3018 seci
938 2958 1084 3037 tempore
1102 2953 1205 3020 cardi·

84 3061 162 3126 nelis
178 3067 317 3128 testetur
332 3061 366 3126 id
382 3061 538 3127 Baltasar
556 3059 775 3142 Bomonicae,
792 3060 938 3144 alioquin
954 3061 1050 3128 bomo
1066 3062 1131 3128 mei
1146 3061 1205 3127 ini-

1 3180 2 3260 }
83 3169 274 3254 micissimus,
290 3171 418 3255 legatus
434 3169 679 3252 Tranailnanuq
695 3175 773 3234 tunc
798 3168 972 3234 cardinalis
997 3170 1081 3235 alter
1096 3167 1206 3235 Acba-

1 3265 2 3272 ἵ
85 3281 130 3340 tes
144 3283 176 3342 et
199 3278 423 3362 cancellarius,
448 3277 505 3363 qui
520 3299 572 3342 mo
597 3277 725 3360 integro
750 3276 802 3341 die
827 3277 956 3342 nomine
983 3277 1156 3343 cardinalis
1173 3283 1207 3342 et

86 3385 224 3452 ordinum
240 3386 339 3470 varijs
355 3387 590 3452 territamentis
617 3383 760 3469 cogendo
777 3385 819 3450 ad
835 3385 1052 3450 iuramentum
1069 3383 1206 3452 fidelita-

84 3493 123 3558 tis
138 3493 291 3560 cardinali
316 3495 549 3580 praestandnm
574 3493 633 3560 sub
659 3493 800 3577 comitijs
824 3491 934 3559 Albae
960 3493 1085 3560 afflixit.
1111 3491 1207 3577 Quod

85 3599 153 3668 dum
168 3603 314 3670 obtinere
339 3625 404 3670 non
428 3609 570 3690 possent,
586 3603 654 3688 ipse
679 3603 713 3668 in
730 3623 870 3686 persona
885 3609 1047 3668 arestatus
1063 3610 1097 3668 et
1111 3603 1206 3668 bonis

85 3711 221 3794 priuatus
245 3713 300 3778 sui.
326 3713 421 3778 Idem
445 3718 592 3798 tempore
619 3711 826 3796 sigismundi,
852 3713 912 3794 cui,
930 3713 1078 3796 quamuis
1102 3713 1137 3776 in
1153 3733 1204 3777 ma

85 3815 300 3886 liberalissimo
317 3820 465 3904 principi,
490 3841 657 3903 nunquam
683 3841 755 3884 cum
772 3821 899 3884 animae
916 3826 949 3884 et
965 3817 1042 3885 fidei
1058 3820 1203 3904 periculo

1 3994 2 3999 .
86 3933 188 3992 contra
211 3927 422 3994 Maiestatem
437 3925 480 3998 V.
505 3928 635 3994 serniui.
653 3927 724 3994 Imo
741 3927 889 3992 omnibus
914 3928 985 4012 vijs,
1010 3929 1043 3994 id
1070 3935 1205 3993 conatus

85 4029 133 4115 lui,
148 4039 182 4100 ut
197 4035 229 4100 in
246 4034 309 4100 fide
326 4035 512 4102 Maiestatis
522 4035 563 4106 V.
580 4041 779 4120 permaneat,
805 4034 921 4101 Turcis
937 4059 1002 4102 non
1019 4036 1206 4102 adhaereat,

86 4161 149 4205 cnm
165 4141 376 4209 Serenissima
399 4143 482 4209 bene
499 4145 680 4210 conueniat.
707 4141 811 4227 Quem
829 4146 927 4210 etiam
944 4145 1075 4210 tandem
1091 4144 1133 4210 ad
1150 4145 1206 4210 ob-

1 4285 2 4292 .
87 4249 219 4330 sequium
243 4249 430 4316 Maiestatis
455 4249 496 4318 V.
521 4273 586 4318 non
620 4252 754 4317 ultimus
779 4259 951 4318 traxeram.
977 4249 1069 4336 Quae
1095 4253 1205 4318 omnia

87 4352 327 4426 luculentissime
342 4360 370 4424 si
386 4359 546 4425 Maiestas
564 4359 605 4428 V.
621 4361 829 4426 mandauerit
845 4361 999 4444 probabo.
1016 4357 1093 4425 Non
1109 4360 1203 4426 video

88 4461 177 4544 igitur
192 4487 329 4549 causam,
355 4489 456 4550 quare
481 4466 668 4534 Maiestatis
685 4467 725 4536 V.
743 4489 824 4532 caes.
840 4468 1096 4551 indignationem
1113 4490 1205 4552 prae·

88 4572 186 4638 sertim
201 4573 343 4642 nondum
369 4597 429 4658 ego
455 4575 585 4640 auditus
601 4597 706 4658 neque
735 4575 997 4640 excusationibus
1012 4575 1093 4640 meis
1108 4576 1204 4640 intel-

88 4675 177 4764 lectis,
192 4703 325 4748 merear.
350 4682 507 4770 Supplico
532 4684 633 4771 igitur
658 4683 827 4750 Maiestati
859 4682 900 4750 V.
927 4705 1008 4750 caes.
1027 4682 1204 4768 humilima,
