3042 5404
299 496 362 556 166
672 507 790 554 sensuri
806 505 1059 558 omiseramus.

298 671 493 737 catholicam
524 679 557 738 et
587 673 683 738 fracti
715 672 819 755 nimis,
851 671 968 738 cedent
997 671 1102 756 facile,
1117 672 1213 738 modo
1230 674 1414 740 collocentur

205 821 208 828 ·
298 778 433 864 parochi
451 779 613 863 catholici,
632 800 714 862 quos
730 785 764 844 et
778 801 866 845 nunc
880 780 1038 864 plurimos
1053 779 1186 846 babent.

404 903 534 971 Deinde
564 906 795 972 monasterium
825 906 860 972 in
890 905 967 971 sede
998 902 1091 989 Ohik,
1122 904 1179 971 ubi
1203 912 1237 972 et
1251 927 1336 971 nune
1349 911 1414 970 sunt

298 1013 420 1079 iratres
445 1012 666 1098 Franciscani,
681 1013 715 1078 in
731 1033 812 1096 quos
827 1011 1002 1079 admodum
1018 1016 1096 1078 sunt
1110 1011 1213 1080 Siculi
1228 1013 1341 1096 devoti,
1355 1031 1416 1096 gra

298 1121 347 1188 tia
371 1141 449 1187 suae
466 1121 646 1188 maiestatis
661 1121 800 1206 iuretur,
824 1127 858 1188 et
874 1123 998 1208 exiguis
1014 1127 1148 1190 ornetur
1162 1121 1349 1205 redditibus,
1363 1142 1416 1205 quo

301 1229 500 1297 commodius
524 1231 635 1316 plures
659 1228 778 1296 iratres
798 1231 994 1298 contineant.
1008 1229 1062 1296 Ex
1078 1231 1141 1298 boc
1156 1232 1351 1297 monasterio
1364 1229 1417 1296 fra·

300 1345 368 1404 tres
391 1359 450 1423 per
475 1359 603 1405 omnem
627 1337 783 1406 Siculiam
808 1338 1142 1423 circumcursitabunt,
1168 1339 1370 1406 concionibus
1391 1343 1417 1402 et

301 1442 514 1544 sacramentis
529 1447 686 1533 populum
702 1447 866 1515 fovebunt.

410 1572 615 1660 Hungari
640 1577 744 1658 sparsi
770 1596 828 1660 per
852 1581 955 1642 totam
980 1576 1188 1661 provinciam,
1204 1595 1317 1640 novem
1333 1573 1417 1640 habe·

303 1682 386 1748 bant
411 1683 595 1767 comitatus,
614 1703 752 1767 quorum
766 1685 898 1752 nomina
913 1691 991 1751 sunt
1005 1683 1104 1750 baec:
1121 1685 1295 1750 comitatus
1311 1681 1419 1749 Oolcsi·

303 1792 396 1876 enein,
422 1790 606 1875 Tordensis,
625 1788 791 1877 Albensis,
806 1791 952 1876 Kikelle,
968 1791 1117 1875 Dobolra,
1134 1790 1275 1858 Szolnolr
1289 1790 1419 1870 interior,

302 1897 546 1983 Huniadicusis,
563 1897 718 1983 Saarsnd,
733 1898 942 1965 Kranncnsis:

412 2039 550 2108 Nobiles
574 2041 691 2110 borum
717 2043 928 2108 comitatuum
945 2049 1082 2110 utuntur
1097 2041 1223 2126 legibus
1239 2049 1273 2107 et
1288 2042 1421 2108 hamuui-

303 2151 427 2218 tatibus
451 2151 544 2235 regni
559 2149 760 2234 Hungariae,
776 2151 910 2216 mutetis
926 2151 1078 2217 nonnulis
1093 2157 1168 2235 post
1183 2149 1420 2217 defectionema

304 2258 633 2344 coronaHungnriae.
653 2257 774 2326 Omnes
790 2281 908 2326 causae
922 2259 1121 2344 litigantium
1137 2281 1246 2327 coram
1263 2259 1422 2326 comitibus

304 2371 515 2439 comitatuum
540 2369 765 2452 discutiuntur,
785 2377 818 2434 et
842 2369 1029 2454 sententiae,
1053 2370 1081 2434 si
1097 2369 1249 2435 alterutri
1265 2371 1350 2454 parti
1367 2389 1421 2434 non

307 2479 501 2564 placuerint,
518 2475 560 2542 ad
576 2475 723 2542 tabulam
738 2477 894 2562 principis
910 2497 969 2560 per
984 2476 1069 2540 siam
1101 2475 1331 2562 appellationis
1348 2474 1422 2540 dele

305 2593 440 2672 runtur,
466 2607 550 2670 quae
576 2585 636 2652 sub
656 2587 793 2652 comitiis
812 2607 872 2670 per
906 2584 1054 2652 dominos
1079 2586 1280 2653 consiliandos
1298 2581 1423 2651 revideri

305 2697 422 2763 solent

414 2819 575 2904 Tempore
600 2819 691 2903 pacis
715 2819 768 2884 isti
792 2819 919 2885 nobiles
937 2819 1166 2904 praesidiarios
1181 2819 1217 2884 in
1233 2816 1376 2884 confiniis
1391 2837 1423 2881 ex

307 2929 545 2998 contributione
571 2928 733 2992 communi
758 2927 898 3011 alebant,
924 2928 1070 3011 equitum
1095 2933 1129 2992 et
1143 2927 1290 3011 peditum
1307 2925 1425 2992 circiter

306 3039 371 3105 duo
380 3043 439 3104 aut
448 3037 513 3101 tria
522 3035 635 3100 millia
645 3033 773 3100 Deinde
790 3035 831 3100 ad
847 3035 1003 3120 principis
1019 3035 1288 3101 sustentationem
1303 3052 1426 3098 numero

308 3153 341 3212 et
349 3147 478 3212 ratione
488 3148 660 3229 porterum
675 3144 811 3226 singulis
827 3144 920 3209 annis
935 3145 970 3208 in
987 3143 1125 3209 comitiis
1142 3147 1265 3210 certam
1280 3141 1426 3226 pecuniae

306 3273 464 3320 summam
479 3251 558 3317 fisco
574 3249 791 3316 conferebant

413 3375 537 3443 Portae
562 3397 638 3443 vero
664 3375 797 3459 singulis
822 3375 890 3441 iere
907 3377 1001 3441 annis
1016 3395 1076 3459 per
1092 3377 1329 3442 commissarios
1345 3371 1428 3440 adid

306 3486 480 3571 deputatos
506 3485 791 3550 connumeratione
807 3483 935 3549 noviter
950 3482 1039 3548 iacta
1055 3483 1351 3566 conscribebantur,
1360 3503 1429 3567 qua

1514 3205 1517 3330 l

306 3617 379 3660 rum
396 3613 550 3659 numerus
569 3613 629 3677 pro
646 3599 827 3676 temporum
842 3592 1001 3656 varietate
1017 3589 1211 3657 variebatur.
1226 3587 1430 3658 Minuebstur
1514 3631 1516 3704 i

306 3703 390 3767 enim
406 3707 465 3768 aut
480 3698 652 3787 tyrannide
668 3698 900 3785 possidentium
919 3705 975 3765 aut
991 3698 1130 3764 militum
1146 3699 1343 3782 vagantium,
1359 3718 1431 3782 quoe
1514 3711 1516 3798 ᾗ

305 3810 508 3894 potentiores
539 3809 715 3874 consiliarii
741 3808 800 3874 sub
826 3807 952 3874 vexillis
978 3807 1045 3873 suis
1060 3827 1125 3874 non
1150 3828 1272 3890 paucos
1297 3807 1430 3884 alebant,
1514 3809 1516 3896 l

305 3915 488 3998 insolentia,
499 3921 557 3980 aut
566 3917 685 3981 iniuria
694 3922 885 4000 temporum,
896 3915 971 3981 anni
982 3913 1133 3980 videlicet
1141 3915 1323 3998 sterilitate,
1332 3917 1432 3980 incen·
1514 3901 1516 3940 ³

306 4023 369 4105 dio,
393 4027 508 4106 morte,
534 4029 571 4088 ut
594 4022 664 4089 fieri
689 4025 773 4090 solet
799 4029 859 4090 etc.
883 4021 1153 4090 Numerabantur
1177 4028 1286 4088 tamen
1313 4024 1433 4089 circiter
1514 4083 1516 4094 Α

307 4130 545 4214 quinquaginta
555 4131 656 4196 millia
672 4139 850 4216 portarum,
867 4153 906 4197 ex
922 4130 1039 4214 quibus
1054 4131 1088 4194 in
1106 4131 1245 4196 comitiis
1260 4131 1386 4197 nobiles
1396 4128 1432 4194 ad

306 4238 496 4304 instantiam
507 4239 671 4323 principis,
685 4241 759 4323 plus
775 4241 954 4306 autminus
971 4236 1159 4322 offerebant,
1176 4261 1263 4304 nunc
1278 4259 1318 4304 ex
1334 4239 1433 4323 siugu-
1514 4263 1516 4324 r

307 4343 349 4410 lis
373 4345 476 4428 portis
496 4345 647 4410 tellerum
673 4353 707 4411 et
730 4347 881 4431 medium,
907 4367 991 4412 nune
1007 4346 1087 4412 duos
1103 4346 1248 4430 talleros,
1266 4344 1434 4430 aliquando

307 4451 419 4536 plures
450 4457 517 4517 tres
548 4459 607 4519 etc
639 4451 785 4521 Michael
816 4455 952 4522 vaivode
976 4476 1048 4521 meo
1068 4461 1215 4539 tempore
1233 4457 1360 4541 accepit
1375 4475 1434 4520 sex.

308 4557 405 4624 Unde
414 4557 603 4642 dignabitur
618 4563 770 4629 maiestas
796 4585 855 4630 sua
869 4563 1008 4648 benigne
1024 4563 1187 4647 colligere,
1204 4563 1283 4648 quid
1298 4560 1435 4630 Michael
1514 4573 1515 4576 ’

310 4667 343 4734 in
369 4671 436 4734 tarn
453 4665 542 4732 brevi
558 4672 703 4756 tempore
721 4673 942 4757 ommunxerit,
959 4678 992 4738 et
1007 4691 1105 4759 quam
1122 4672 1221 4740 etiam
1237 4693 1315 4740 snae
1330 4671 1436 4741 maies-
1514 4725 1515 4732 ,
