3030 5416
473 517 569 574 leot.
585 537 645 574 aar.
662 519 712 574 20.
1107 513 1170 576 251

50 689 162 774 fierent,
178 698 365 777 opportuno
389 695 423 756 et
446 689 557 756 debito
573 693 720 776 tempore
745 688 869 758 faciunt
884 689 1113 772 administrari,
1129 690 1170 756 si·

4 859 9 868 .
49 800 158 864 militer
174 809 206 866 et
222 822 337 866 census
353 801 522 866 civitatum
537 797 773 866 Saxonicarum
789 805 823 864 et
838 799 977 865 aliarum
993 806 1026 864 et
1041 799 1069 866 si
1085 821 1169 884 quac

4 937 5 940 ¹
49 914 117 973 sunt
131 909 205 990 alia,
221 930 307 992 quae
321 928 469 974 camerae
485 912 617 974 nostrae
633 906 798 974 ordinarie
814 906 982 974 debentur.

147 1015 415 1084 Contributiones
438 1021 547 1082 autem
573 1013 720 1080 dirarum
736 1015 939 1098 aliarumque
955 1021 1106 1080 taxarum
1122 1035 1169 1080 se-

4 1131 7 1196 ἷ
50 1123 179 1190 cundum
203 1125 343 1206 modum,
368 1123 424 1207 qui
448 1123 646 1207 generaliter
670 1121 769 1188 buerit
793 1144 852 1206 per
883 1143 941 1190 nos
966 1123 1172 1206 constitutus,

4 1275 6 1284 ›
51 1230 163 1298 faciant
177 1232 409 1298 adminutrari

3 1419 4 1424 ἵ
146 1341 193 1408 Et
208 1343 288 1426 quia
302 1341 408 1406 multe
423 1339 608 1406 inordinate
624 1345 658 1405 et
674 1339 829 1406 damnose
844 1341 877 1406 iu
888 1339 1172 1407 administratione

51 1450 187 1516 dicarum
202 1457 237 1516 et
252 1451 390 1516 aliarum
407 1448 683 1516 contributionum
700 1447 792 1532 fiunt,
808 1448 1033 1532 advigilabunt
1049 1449 1170 1532 sedulo,

52 1563 159 1624 utnon
182 1559 278 1625 modo
302 1579 361 1643 per
379 1557 541 1622 dicetores
558 1557 731 1622 sedetiam
747 1579 806 1642 per
830 1557 912 1624 alios
936 1563 1004 1623 tam
1021 1558 1169 1624 dominos

3 1679 4 1684 ’
51 1689 137 1750 quam
152 1667 277 1734 nobiles
293 1689 331 1732 ac
347 1687 457 1732 eorum
472 1665 621 1731 subditos
637 1665 728 1731 nulla
744 1665 834 1731 fraus
850 1665 911 1731 bac
927 1665 961 1730 in
977 1671 1071 1749 parte
1088 1688 1172 1731 com-

52 1777 201 1858 mittatur,
211 1775 269 1840 sed
284 1774 444 1858 depositio
455 1773 532 1840 talis
542 1793 602 1856 pro
618 1771 837 1838 conservanda
852 1775 1020 1857 aequitate
1036 1775 1172 1856 integra,

2 1915 3 1934 r
52 1891 80 1948 et
92 1891 187 1968 prout
202 1883 357 1948 conclusa
372 1889 431 1966 est,
447 1880 524 1964 fiat;
548 1887 582 1946 et
598 1881 721 1946 colonis
737 1881 849 1946 aliisve
866 1880 906 1946 de
922 1883 1084 1966 perceptis
1100 1881 1173 1948 sub-

2 2024 3 2038 *
53 1991 135 2057 cidiis
148 1990 286 2056 schedae
303 1989 422 2054 deutur
438 1995 470 2054 et
486 2011 584 2073 penes
601 2009 656 2053 eos
677 1989 912 2071 relinquantur.

2 2105 3 2108 ’
150 2095 302 2166 Omnium
317 2099 441 2166 arcium
458 2103 491 2164 et
507 2101 722 2182 proventuum
738 2103 922 2164 nostrornm
938 2095 1106 2182 officiales,
1122 2119 1173 2164 ca·

1 2202 3 2284 ζ
53 2209 197 2292 pitaneos,
221 2207 420 2290 rationistas,
445 2205 705 2288 tricesimatores,
739 2205 959 2272 teloueatores
990 2203 1174 2272 Germanos

56 2316 284 2399 essevolumus,
300 2315 434 2380 ettalus
459 2313 599 2399 quidem,
616 2319 774 2397 quantum
799 2313 868 2380 fieri
888 2315 1017 2398 poterit,
1034 2315 1090 2397 qui
1108 2315 1173 2380 siut

1 2451 2 2498 t
55 2423 279 2506 possessionati,
294 2429 352 2488 aut
367 2444 427 2507 pro
444 2423 530 2488 omni
547 2421 664 2488 damno
683 2419 882 2488 sufficienter
898 2443 1010 2488 cavere
1027 2427 1173 2506 possunt,

1 2537 2 2622 J
56 2532 164 2615 quique
186 2533 354 2598 aunuatim
380 2531 421 2596 de
445 2531 607 2616 perceptis
632 2537 665 2596 et
681 2531 831 2616 expensis
855 2531 1001 2614 integras
1016 2535 1050 2596 et
1066 2529 1168 2595 iustas

1 2659 3 2663 “
57 2641 185 2706 rationes
200 2639 347 2708 reddant.

152 2749 309 2817 Civitates
333 2748 514 2817 Saxonicae
531 2755 564 2814 et
579 2749 662 2814 aliae
683 2749 867 2834 oppidaque
893 2755 927 2814 et
950 2749 1036 2816 bona
1061 2755 1173 2817 nostra

1 2901 2 2939 ,
58 2862 89 2921 ut
102 2859 133 2922 in
146 2857 323 2943 privilegiis
347 2859 414 2923 suis
440 2863 676 2940 conserventur,
702 2865 736 2924 et
761 2879 781 2924 a
805 2857 946 2924 militurn
966 2859 1017 2923 vel
1035 2857 1172 2924 aliorum

1 2948 2 3036 J
57 2964 163 3032 iniuria
186 2965 410 3046 defendantur,
436 2971 537 3050 utque
563 2965 808 3048 mercatoribus,
835 2963 966 3048 civibus,
983 2965 1172 3032 medianicis

1 3081 2 3116 t
59 3079 221 3156 augeantur
237 3081 271 3140 et
286 3073 538 3158 locupletentur,
555 3072 667 3138 sedulo
687 3073 857 3139 curabunt

150 3180 250 3264 Bona,
266 3203 349 3266 quae
374 3203 432 3266 par
448 3180 607 3246 defectum
624 3182 754 3248 seminis
770 3189 828 3248 aut
843 3187 953 3248 notam
970 3179 1173 3248 infidelitatis

1 3279 2 3305 ¹
59 3295 107 3354 aut
119 3311 173 3374 per
188 3291 288 3357 alium
305 3292 448 3374 aliquem
473 3311 583 3356 casum
599 3291 786 3376 praeteritis
803 3293 895 3358 anuis
912 3292 954 3358 ad
970 3313 1028 3356 noa
1045 3289 1169 3356 devolvi
1259 3301 1263 3308 '

1 3365 3 3394 l
60 3400 187 3483 contigit,
203 3406 262 3466 aut
277 3403 315 3465 ut
333 3399 545 3466 devolvantur
569 3399 733 3482 contigere
757 3407 875 3484 posset,
901 3407 1051 3466 accurate
1067 3399 1171 3482 inqui·

1 3500 3 3587 ἶ
60 3513 129 3589 rant,
144 3513 174 3572 et
190 3513 312 3574 statum
338 3507 494 3574 eiusmodi
519 3507 683 3590 bonorum,
701 3507 812 3591 qualia
828 3529 866 3572 ea
882 3507 956 3591 siut,
973 3529 1069 3592 quem
1086 3507 1171 3574 colo·

1 3619 2 3698 ξ
60 3631 156 3680 nomm
179 3637 350 3682 numerum
376 3623 410 3681 et
434 3637 518 3700 quae
544 3614 762 3680 emolumenta
786 3613 941 3698 habeant,
968 3635 1007 3680 ac
1035 3615 1062 3678 si
1088 3635 1171 3698 quae

1 3717 2 3800 j
61 3719 144 3790 iuhis
159 3747 225 3792 esse
240 3724 447 3808 videbuntur,
464 3745 548 3808 quae
558 3723 646 3808 apud
662 3745 833 3806 cameram,
849 3745 940 3792 arces
950 3729 1087 3806 nostras,
1098 3745 1172 3790 cou-

1 3907 2 3926 3
61 3825 125 3896 fluia
139 3833 201 3898 sive
217 3834 250 3898 iu
261 3839 332 3898 toto
343 3833 409 3898 sire
424 3833 459 3898 in
475 3839 567 3916 parte
585 3833 766 3898 conservari
777 3834 894 3917 potius,
905 3855 1001 3916 quam
1013 3833 1087 3898 aliis
1098 3853 1172 3898 con·

62 3934 126 4004 ferri
147 3940 293 4024 debeant,
310 3947 367 4006 ant
383 3961 466 4026 quae
490 3963 563 4006 curn
584 3939 694 4024 aliquo
714 3945 826 4008 nostro
842 3939 960 4022 fructu,
979 3945 1093 4026 utpote
1112 3963 1171 4024 pro

1 4038 2 4104 l
62 4046 263 4134 redemptione
282 4055 341 4115 aut
356 4051 608 4116 commutatione
625 4049 761 4114 aliorum
776 4049 934 4115 bonorum
951 4055 1009 4114 eut
1024 4071 1172 4134 compen·

1 4159 2 4229 l
63 4157 169 4222 satione
184 4159 367 4243 aliquorum
386 4157 569 4224 debitorum
585 4163 642 4222 aut
656 4155 929 4222 benemeritorum
945 4155 1084 4222 conferri
1099 4179 1172 4242 pos·

63 4262 126 4344 siut
139 4265 177 4331 de
191 4266 241 4332 his
256 4289 316 4332 nos
331 4288 458 4350 semper
474 4265 555 4332 bene
571 4263 755 4348 informent,
772 4264 987 4331 certificantes
996 4287 1055 4331 nos
1073 4267 1172 4330 etiarn

1 4359 2 4402 ³
64 4368 98 4434 de
110 4375 236 4440 servitiis
252 4397 291 4442 ac
307 4375 432 4440 meritis
448 4381 481 4440 et
497 4373 681 4439 conditione
707 4393 826 4455 eorum,
842 4395 922 4456 quos
938 4373 1031 4438 nobis
1048 4395 1108 4458 pro
1124 4377 1172 4438 ta·

1 4451 2 4532 i
64 4476 130 4544 lium
139 4481 290 4548 bonorum
301 4483 476 4548 collatione
492 4483 675 4568 supplicare
692 4481 826 4548 accidet.

1 4581 2 4664 Ϊ
154 4587 295 4656 Mulctae
311 4591 409 4656 etiam
434 4611 490 4657 seu
510 4611 631 4674 poenas
646 4589 850 4674 pecuniarias
866 4595 899 4654 et
914 4588 996 4654 alias
1014 4611 1172 4673 quascun-

1 4701 2 4769 ᾗ
68 4713 178 4776 queres
193 4705 249 4763 aut
266 4719 388 4765 merces
404 4703 437 4764 et
451 4698 546 4781 bona,
565 4719 648 4782 quae
664 4703 799 4783 propter
814 4719 962 4765 excessus
978 4699 1173 4784 praeteritos
