3218 5424
536 586 631 650 1607.
647 594 704 650 adu.
726 591 753 648 2.
1140 589 1202 655 527

178 757 372 829 Secundum.
383 759 440 828 Ad
456 762 712 847 significandum,
729 763 817 848 qnod
832 763 1024 850 Rakoczius‚
1040 767 1135 834 modo
1146 791 1205 834 sua

73 870 221 935 maiestas
246 872 391 954 imperet,
417 893 457 935 ne
483 892 581 936 uuam
607 871 738 955 quidem
762 873 876 939 horam
902 875 994 940 sitin
1011 875 1204 961 Transylva-

73 979 124 1042 uia
140 1000 357 1063 remansurus,
382 1001 486 1064 neque
511 1002 532 1046 a
557 985 716 1065 perpetua
740 1003 817 1048 suae
838 980 913 1046 Mus
927 981 1086 1050 fidelitate
1103 1007 1204 1050 reces-

72 1109 171 1154 surus.

177 1196 336 1264 Tertium.
361 1194 458 1282 Quod
483 1196 726 1266 Homonnaium
745 1197 952 1267 Transilrani
966 1201 1058 1267 nulla
1073 1203 1201 1268 ratione

74 1311 240 1389 acceptare
265 1307 375 1390 velint,
400 1307 647 1391 supplicemque
672 1329 749 1374 suae
774 1307 845 1374 Mu,
864 1314 902 1374 ut
916 1308 959 1375 ab
975 1311 1044 1374 eius
1060 1309 1201 1393 indiguis

74 1415 240 1480 conatibus
256 1416 346 1498 ipsos
360 1419 502 1480 tueatur.

177 1519 269 1606 Quae
295 1523 448 1606 quoniam
472 1521 575 1588 fusius
600 1522 642 1589 D.
661 1523 857 1592 Pancratius
876 1527 1025 1610 exposuit
1041 1525 1128 1611 apud
1145 1549 1203 1611 me,

73 1625 261 1696 facillimum
277 1630 403 1696 aditum
419 1630 461 1696 ad
477 1653 528 1697 res
545 1633 701 1718 proximis
718 1633 831 1700 diebus
847 1634 887 1699 do
903 1636 1033 1719 negotio
1049 1633 1202 1720 Transyl·

73 1740 181 1805 ranico
205 1741 390 1824 propositas
416 1741 536 1824 aperiri
552 1741 653 1808 video.
669 1740 811 1825 Speraus
827 1743 971 1828 legatum
986 1743 1085 1807 istum
1102 1743 1204 1808 Tran-

74 1847 269 1930 sylvonicum
286 1869 364 1913 suae
379 1845 455 1913 Mais
472 1849 580 1932 gratia
596 1855 629 1915 et
644 1850 772 1934 patriae
789 1871 865 1916 suae
890 1849 1086 1916 defensionis
1102 1873 1200 1917 causa

73 1977 136 2020 rem
152 1957 186 2020 in
202 1955 324 2022 bonum
340 1957 486 2024 ordinem
501 1955 605 2040 redigi
621 1978 801 2042 passurum.

175 2060 303 2146 Quibus
327 2063 367 2130 de
383 2061 498 2153 probus,
515 2065 601 2149 quod
617 2065 659 2130 ad
676 2065 910 2136 authoritatem
927 2088 1003 2132 suae
1019 2065 1095 2131 Mus
1111 2073 1202 2132 tuen·

1 2195 2 2204 2
75 2169 143 2238 dam
154 2179 188 2239 et
202 2173 324 2238 bonum
340 2195 508 2240 commune
523 2174 686 2259 pertinere
702 2173 894 2257 indicavero,
904 2180 1039 2260 paratus
1057 2197 1128 2240 sum
1137 2177 1202 2240 sive

73 2282 189 2366 scripto
207 2281 273 2348 sive
289 2281 362 2348 viva
378 2304 455 2349 voce
470 2285 666 2349 sententiam
681 2306 786 2351 meam
803 2285 974 2368 explicare.

173 2389 265 2456 Illud
290 2389 334 2456 ad
349 2395 530 2457 extremum
548 2392 693 2476 impense
709 2412 815 2476 orans,
830 2411 871 2457 ne
887 2392 1034 2475 privatus
1050 2391 1111 2457 iste
1128 2413 1201 2457 curn

74 2491 223 2564 Gabriele
247 2497 416 2566 Bathoreo
442 2505 604 2566 tractatus
630 2499 806 2584 evulgatur.
838 2498 940 2566 Cuius
973 2500 1201 2584 intempestiva

1 2617 2 2693 j
73 2607 208 2689 cognitio
232 2607 363 2692 plenam
387 2629 456 2673 rem
481 2608 635 2692 periculis
661 2613 694 2673 et
725 2606 975 2676 difficultatibus
1001 2614 1199 2692 apportaret.

1 2705 2 2754 3
74 2711 192 2782 Datum
208 2715 338 2801 Pragae
355 2721 385 2782 2.
401 2715 427 2782 J
428 2715 486 2802 ulij
504 2738 589 2783 anno
608 2719 702 2782 1607.

1 2823 2 2846 ³
173 2823 421 2892 Illustrissimae
438 2824 480 2890 D.
497 2823 538 2894 V.
628 2901 632 2907 ,

696 2931 936 3000 addictissimus
955 2932 1093 3000 servitor

713 3041 910 3108 Franciscus
925 3041 1072 3125 Forgacz

659 3151 827 3236 episcopus
843 3149 1034 3218 Nittriensis
1050 3172 1091 3215 rn.
1107 3171 1137 3236 p.

173 3287 294 3346 Kitlczim
312 3289 436 3360 tidrryzilc
451 3285 481 3359 (a
498 3285 572 3346 levdl
591 3287 830 3345 Strolcndorfnak
847 3306 903 3346 vnn
919 3284 1001 3356 irva.)

170 3381 272 3436 Kirdt:
297 3379 493 3436 cancellarius
518 3379 685 3450 Hungariae
710 3381 745 3434 de
762 3377 965 3436 Transilvania
982 3383 1011 3433 et
1027 3377 1087 3432 cina
1103 3378 1198 3449 legato

1 3458 2 3538 i
73 3465 125 3522 hori
140 3469 233 3538 misso,
250 3471 402 3528 Peroratio
418 3471 534 3543 Zenuej.
551 3471 757 3527 Praesentatoc
774 3472 801 3525 3.
817 3469 896 3526 Julii.
912 3468 996 3524 Anno
1016 3469 1110 3524 1607.

369 3610 524 3686 (Eredetije
540 3631 557 3670 a
573 3609 653 3669 bocci
673 3611 721 3670 all.
738 3611 770 3669 lt.
787 3608 896 3684 Hung.)

571 3799 687 3870 LXX.

502 3951 596 4014 leot.
621 3945 699 4033 jol.
729 3951 759 4013 5.

78 4076 189 4152 Seonyey
205 4083 390 4152 eldrerjeuttu
406 4103 424 4139 α
440 4083 614 4140 cadczdrleoz:
629 4086 746 4154 malphae
762 4082 867 4151 Erde'lp
883 4081 1032 4136 dtrduatoit
1042 4080 1200 4151 selrorolju.

169 4217 398 4286 Sacratissima
410 4223 724 4306 caesarearegiaque
741 4218 907 4303 Maiestas,
924 4217 1054 4283 domiue
1071 4218 1199 4286 domiue

75 4321 145 4388 mihi
161 4325 416 4394 clementissime.

173 4435 331 4523 Princeps
347 4461 436 4504 meus
452 4443 551 4522 atque
568 4437 720 4504 universa
738 4435 990 4520 Transsilvania
1007 4443 1199 4520 ceteraeque

76 4547 175 4622 partes
200 4545 305 4611 eidem
331 4547 505 4629 subiectae,
530 4547 674 4612 unanimi
701 4544 1199 4629 magnatum‚proceru1n,nobi-

76 4645 148 4715 lium
173 4655 380 4738 omuiumque
396 4655 546 4720 ordinum
563 4655 662 4720 trium
677 4655 845 4720 nationum
861 4673 1018 4718 consensu
1034 4652 1199 4717 maiestati

77 4765 190 4825 restrae
217 4785 296 4827 sacr.
315 4769 471 4846 tanquam
489 4763 618 4827 ‹lornino
635 4785 692 4827 suo
710 4761 962 4828 clementissimo
978 4759 1089 4823 fidelia
1104 4781 1199 4842 purn-
