3042 5404
354 539 419 598 220
730 558 849 605 annum
864 560 1116 611 ousziecrduhsau.

356 819 387 886 A
461 713 587 782 Datum
611 720 644 783 in
670 721 837 802 praedicta
862 724 994 791 ciuitate
1020 726 1176 797 colossas
1200 730 1253 798 die
1277 739 1352 800 8-ua
1367 735 1471 800 Martii

390 843 453 889 nno
476 829 570 890 1603.

883 921 1080 992 Pancratius
1095 927 1244 1016 Sennyei.
1261 929 1314 1017 (L
1330 931 1377 1020 S.)

882 1031 1080 1102 Benedictus
1095 1036 1305 1106 Mindszenti.
1321 1038 1376 1126 (L.
1391 1039 1434 1125 S.)

881 1137 1039 1207 Nicolaus
1055 1143 1209 1226 Bogathi
1225 1143 1279 1231 (L.
1297 1145 1345 1234 S.)

678 1242 873 1330 Caeterique
899 1249 995 1316 electi
1015 1257 1121 1317 status
1139 1259 1174 1318 et
1189 1253 1318 1320 ordines
1335 1255 1377 1320 ad
1391 1277 1469 1340 prae·
1518 1287 1520 1328 ε

837 1356 936 1422 missa
950 1357 1080 1441 publice
1095 1358 1246 1444 delegati.

591 1503 645 1576 (Aa
660 1508 812 1564 Ahoddnaia
827 1510 985 1567 tirwtdhan
1000 1513 1059 1567 leod
1075 1511 1247 1584 ucdrolutro'l)

901 1663 937 1748 b)

525 1793 549 1846 A
566 1797 705 1851 kodracdri
718 1799 903 1870 orazaqpylda
912 1803 1102 1872 seltcrjeasldae
1117 1823 1135 1857 u
1150 1803 1313 1860 csdezdrdoa

461 1907 674 1980 Ordinum
699 1917 965 2001 provinciae
990 1917 1406 2006 Transsylvanicae
1428 1921 1471 1988 ad

353 2023 712 2090 sacratissimam
736 2025 1352 2110 imperatoriamcaesaream
1376 2031 1470 2114 regi-

353 2149 507 2213 amque
532 2129 822 2199 Maiestatem
847 2134 1074 2219 dominum,
1099 2136 1471 2206 dominumeorun

354 2236 752 2306 clementissimum
776 2240 1471 2329 humillimussupplexlibellus
1519 2247 1520 2252 ’

460 2343 690 2414 Sacratissima
706 2371 858 2416 caesarea
866 2352 1022 2436 regiaque
1032 2350 1201 2438 Maiestas,
1210 2353 1339 2420 domine
1356 2355 1471 2422 dominc

353 2453 444 2520 nobis
460 2457 657 2523 naturaliter
672 2458 929 2524 clementissime.

460 2560 543 2629 Oum
558 2564 640 2630 Mas
652 2565 717 2634 Vra
736 2587 818 2632 sacr.
843 2567 952 2633 omnia
976 2565 1097 2632 delicta
1122 2566 1271 2634 ordinum
1295 2569 1468 2654 provinciae

353 2669 634 2758 Transylvanicae,
645 2675 763 2758 quibus
773 2675 822 2740 vel
833 2675 985 2759 privatim
995 2675 1047 2741 vel
1056 2675 1194 2760 publice,
1205 2677 1271 2743 sive
1283 2678 1419 2744 aliorum
1432 2678 1469 2742 in·

353 2780 474 2846 stinctu
489 2783 555 2848 sive
565 2788 656 2849 motu
671 2805 782 2850 eorum
797 2781 881 2849 Meas
896 2783 962 2853 Vra
971 2805 1051 2849 sacr.
1061 2782 1183 2851 offensa
1192 2783 1265 2870 fuit,
1274 2787 1381 2853 medio
1390 2807 1469 2871 prae·

352 2889 731 2974 cipuorumdominorum
740 2892 1031 2959 commissariorum
1042 2893 1356 2960 suorumclementer
1368 2893 1469 2961 condo·

352 2997 486 3083 neverit,
496 2998 530 3064 id
540 2999 581 3065 ab
591 2999 757 3066 ordinibus
766 3001 858 3084 regni
875 3022 914 3067 ea
923 3001 1103 3084 gratiarum
1111 3001 1240 3066 actione
1251 3007 1285 3066 et
1293 3001 1418 3068 laetitia
1428 3021 1470 3066 su-

353 3112 500 3191 sceptum
510 3108 780 3193 estomuiumque
789 3109 914 3174 animos
923 3107 1004 3174 adeo
1015 3107 1471 3195 conformesreddiditutnora

353 3214 416 3280 fide
435 3237 516 3281 sacr.
532 3213 594 3280 Mei
622 3215 703 3284 Vrae
729 3215 857 3282 ordines
882 3237 916 3282 ae
941 3217 1191 3300 obstringerent.
1217 3215 1355 3285 Gratias
1373 3221 1471 3302 itaqua

353 3327 456 3406 agumt
471 3323 570 3388 iidem
594 3322 724 3389 ordines
748 3322 810 3389 Mti
833 3322 913 3393 Vrsa
928 3345 1009 3389 sacr.
1025 3345 1084 3408 pro
1100 3323 1162 3391 hac
1182 3325 1363 3410 clementia,
1379 3333 1410 3392 et
1423 3325 1472 3391 mi·

353 3429 531 3496 sericordia
556 3452 635 3516 erga
668 3452 727 3498 nos
751 3431 927 3516 declarata,
961 3453 1016 3498 aas
1041 3455 1122 3516 quas
1146 3440 1283 3518 possunt
1317 3437 1470 3501 maximas

351 3539 532 3606 Humilime
556 3540 786 3626 supplicantes,
809 3545 849 3605 ut
871 3546 1041 3624 paternam
1066 3540 1150 3607 hanc
1173 3539 1379 3610 affectionem
1393 3543 1470 3607 inno·

352 3654 484 3733 tamque
499 3649 735 3734 benignitatem
751 3645 851 3714 etiam
867 3646 1017 3732 deinceps
1033 3668 1181 3732 argaeos
1197 3648 1338 3733 benigne
1354 3649 1471 3715 demon·

351 3762 456 3822 strare
470 3757 557 3841 velit,
581 3757 810 3843 promittentes
834 3755 933 3821 iidem
957 3755 1137 3823 ordinasse
1162 3779 1293 3844 quoque
1313 3757 1356 3824 ad
1371 3774 1470 3824 omnes

350 3865 534 3930 occasiones
549 3863 661 3932 fideles
677 3863 805 3932 futuros
821 3869 855 3930 et
870 3885 1007 3949 propere
1017 3865 1107 3932 iussa
1121 3864 1197 3932 Mus
1213 3865 1294 3937 Vrsa
1311 3888 1391 3934 sacr.
1406 3884 1469 3932 exe·

352 3976 493 4038 cuturos.

460 4083 488 4145 1.
504 4075 679 4146 Caeterum
695 4101 767 4148 cum
778 4079 813 4145 in
823 4077 1073 4164 Transsylvania
1082 4081 1245 4166 principes
1259 4103 1321 4168 pro
1337 4090 1470 4167 tempore

350 4188 527 4272 constituti,
542 4210 608 4254 non
623 4188 774 4256 obstante
791 4188 980 4254 diversitate
999 4189 1166 4273 religionis
1180 4191 1336 4276 ipsorum,
1350 4193 1470 4258 liberta·

349 4301 416 4362 tem
431 4297 597 4381 religionis
622 4317 748 4380 semper
772 4297 930 4364 intactam
954 4295 1137 4380 habuerint,
1163 4320 1260 4382 quam
1286 4305 1321 4364 et
1337 4297 1469 4366 commis

349 4405 428 4472 sarii
442 4405 608 4475 Meisvrae
624 4425 704 4472 sacr.
728 4404 1015 4472 reverendissimus
1040 4406 1188 4472 domiuus
1207 4404 1392 4492 Stephanus
1413 4403 1469 4470 Zu-

349 4513 425 4598 ha'y',
450 4535 489 4580 ac
513 4513 657 4580 illustres
683 4517 717 4579 et
740 4511 905 4598 magnifici
929 4514 1050 4580 domini
1081 4513 1239 4581 Nicolaus
1262 4511 1420 4600 Istuanlf)⁷
1442 4516 1469 4576 et

349 4621 623 4688 Bartholomaeus
647 4619 773 4687 Pezzen
799 4643 884 4688 anno
912 4625 1007 4688 1598.
1024 4643 1084 4706 pro
1108 4621 1296 4706 recipienda
1312 4618 1469 4704 Traussyl·

349 4732 445 4798 vania
460 4731 549 4797 missi
565 4730 747 4796 iuramento
763 4751 821 4797 suo
838 4731 1078 4818 approbarunt:
1104 4732 1274 4801 uonssime
1290 4753 1366 4803 raro
1382 4730 1467 4800 etiam
1519 4773 1520 4778 κ
