3042 5404
528 385 622 442 1603.
638 389 697 442 ets.
720 386 766 442 ll.

185 559 436 626 Illustrissimae
451 557 585 626 Dtionis
601 555 691 625 Vrae

650 665 773 731 amicus
789 666 911 732 ricinus
927 665 1104 732 benevolus

554 773 735 842 Valaohiae
755 772 990 858 Transalpinas
1006 775 1164 860 princeps

696 895 799 982 (Olet
815 900 972 980 αΙιίίνάε).

182 1034 289 1106 (Sellas
307 1037 483 1108 smmoarrsp
497 1038 621 1092 ἰνάεάωί
630 1057 640 1090 .·
657 1035 867 1107 Descripsirnue
877 1053 912 1091 ex
922 1035 1078 1108 archetypo
1095 1036 1132 1092 ad
1148 1052 1211 1092 ver·

83 1129 152 1182 bom.
168 1129 210 1182 Er
224 1131 314 1184 alost:
329 1128 424 1184 Barim
441 1129 528 1200 vajda
543 1127 580 1183 ob
597 1123 679 1196 httti.)

623 1279 659 1365 b)

173 1407 386 1474 Litterae
408 1407 657 1474 Boeronum
681 1403 732 1470 ad
756 1403 939 1471 Moisem
970 1403 1118 1472 Zelrel.

181 1535 405 1600 Illustrissime
421 1534 549 1602 dominc
565 1533 668 1600 amice
687 1533 790 1598 vicine
806 1531 899 1598 nobis
914 1531 1205 1598 observandissime

9 1647 10 1696 ἶ
83 1641 263 1708 salutemet
279 1643 485 1710 servitiorum
502 1649 689 1708 nostrorum
708 1641 948 1726 vicinitatisque
973 1647 1105 1708 nostrae
1121 1663 1205 1708 com·

9 1769 11 1840 ζ
83 1750 322 1818 mendaticnem.

181 1859 234 1926 Ex
250 1861 372 1926 litteris
388 1859 579 1944 mag.Dom.
595 1859 736 1928 Vestrae
753 1859 832 1944 quid
847 1859 947 1924 animi
962 1857 1083 1926 habeat
1099 1881 1206 1926 mone-

9 1955 11 2040 ἶ
84 1972 175 2052 atque
205 1989 263 2036 nos
293 1967 391 2034 simul
422 1989 496 2034 cum
526 1989 626 2050 regno
651 1989 711 2054 pro
725 1966 862 2052 pacifica
877 1965 989 2033 futura
1004 1971 1206 2035 remansione

84 2075 532 2162 intelleximus,potentissimo
542 2076 665 2142 caesari
675 2073 1045 2160 fidelesobedientesque
1056 2099 1207 2166 essemus

86 2184 172 2250 sicuti
186 2193 295 2252 cutem
311 2207 441 2270 quoque
457 2207 476 2252 a
491 2185 640 2270 plurimis
656 2183 859 2270 temporibus
875 2181 1002 2251 fuimus
1018 2183 1089 2252 Nos
1103 2187 1206 2270 igitur

84 2295 288 2360 unammcer
279 2318 313 2360 m
322 2317 422 2362 unum
432 2295 973 2378 conrementesmternosmetrpsos
983 2293 1203 2362 conditroncm

9 2355 13 2466 i

9 2517 13 2610 Jr

9 2615 11 2660 t

9 3011 11 3026 ζ
88 2941 212 3010 universi
227 2943 316 3030 apud
331 2943 591 3030 potentissimum
616 2945 845 3030 imperatorem
870 2945 1073 3030 aliorumque
1089 2953 1204 3014 contra

9 3035 11 3158 ἐ
89 3050 234 3132 quoslibet
249 3049 420 3136 pacificam
444 3053 679 3120 remansionem
698 3074 875 3138 pacemque
891 3053 1089 3120 constituere
1106 3053 1202 3121 simul

88 3159 209 3244 principi
224 3161 318 3227 nobis
337 3167 370 3228 et
388 3160 464 3227 huic
481 3161 598 3228 misero
609 3184 709 3246 regno
727 3185 791 3229 non
806 3169 944 3228 recuset
955 3159 1090 3228 Certum
1101 3170 1151 3229 est
1167 3168 1201 3228 et

9 3263 10 3312 1
89 3262 141 3333 hoc
155 3269 236 3355 apud
245 3291 286 3336 m.
302 3269 345 3336 D.
354 3267 509 3338 Vestram
526 3291 625 3356 quum
650 3271 790 3355 primum
805 3269 936 3337 Simeon
947 3271 1152 3338 reivodehoc
1168 3273 1202 3338 in

87 2404 375 2490 remansionemque
397 2402 567 2488 pacificam
592 2403 852 2469 animadvertt
782 2409 852 2468 tten
854 2424 888 2468 cs
907 2403 1090 2470 consultum
1106 2403 1205 2470 habe·

85 2528 147 2574 mus
157 2511 247 2578 simul
257 2512 570 2598 cumprincipenost
572 2533 608 2578 ro
619 2510 689 2596 hoc,
705 2517 743 2577 ut
758 2513 982 2598 potentissimo
993 2533 1117 2578 caesari
1108 2512 1204 2584 dum

9 2663 12 2704 ‚
86 2615 248 2686 viveremus
273 2617 386 2686 fideles
411 2641 432 2686 s
455 2621 578 2686 minore
602 2620 768 2706 usquead
783 2621 887 2706 majus
904 2621 1011 2704 simus,
1028 2621 1204 2688 secundum

87 2725 266 2808 mmmm.
291 2732 418 2792 vestrae
443 2734 476 2792 et
500 2725 623 2792 Bektes
648 2725 754 2792 Bassa
778 2729 973 2812 scripturam
1001 2729 1204 2812 promissum,

87 2830 240 2921 fidemque,
256 2833 456 2920 quemnobis
474 2857 580 2920 magn.
598 2836 693 2902 Dom
710 2833 783 2902 Tus
807 2835 867 2901 sub
883 2835 945 2902 fide
961 2838 1099 2922 scripsit,
1116 2838 1204 2921 qnod

89 3395 206 3458 regnum
215 3379 360 3462 intravit,
371 3379 447 3446 etiu
463 3377 572 3446 sedem
583 3378 676 3462 sedit,
686 3379 783 3446 variis
794 3385 826 3446 et
836 3379 1013 3444 innumeris
1030 3381 1202 3446 contrariis

9 3485 11 3542 t
88 3483 269 3571 miseriisque
285 3487 407 3572 incepit
421 3507 556 3572 regnum
572 3486 792 3572 hononorem,
808 3509 889 3572 quas
904 3487 1050 3554 miserias
1066 3509 1201 3570 regnum

9 3655 10 3666 ,
88 3611 275 3682 nequaqnam
290 3596 361 3680 pati
375 3595 492 3680 potuit,
508 3596 604 3662 simul
619 3596 721 3680 igitur
732 3595 873 3662 etsemel
890 3601 1004 3662 contra
1020 3618 1093 3662 eum
1109 3617 1201 3662 arma

9 3767 11 3802 c
89 3703 219 3788 cepimus,
235 3726 253 3770 e
268 3725 368 3788 regno
385 3705 536 3770 eiicimus
556 3702 649 3770 Tunc
667 3724 797 3788 quoque
813 3705 967 3790 temporis
984 3705 1096 3770 statim
1112 3705 1200 3771 volu·

9 3805 11 3846 ⁵
89 3806 186 3877 inusn
199 3813 422 3896 potentissimo
439 3833 569 3878 caesare
585 3812 728 3896 aliquem
747 3833 807 3896 pro
822 3813 968 3896 principe
984 3813 1125 3895 agnosci,
1141 3812 1199 3880 sed

90 3935 175 4001 usque
189 3921 230 3986 ad
244 3929 312 3986 tres
327 3941 452 3988 menses
467 3919 530 3986 suit
546 3942 681 4005 regnum
706 3923 775 3986 sine
791 3921 945 4006 principe,
962 3943 1060 4004 quam
1077 3943 1145 3986 rem
1161 3930 1195 3988 et

90 4019 274 4106 sigismundo
305 4029 387 4096 alins
416 4029 557 4116 principi
582 4029 829 4098 Transilvaniae
848 4029 1041 4113 scripsimus.
1066 4029 1191 4098 videns

91 4149 154 4214 ergo
175 4134 233 4202 hoc
256 4143 294 4204 ut
318 4139 405 4204 intra
420 4143 549 4223 tempus
580 4137 711 4206 Simeon
741 4136 878 4223 vajvoda
909 4137 1039 4202 veniens
1065 4139 1195 4222 expedi-

91 4239 165 4307 tione
179 4266 233 4311 rua
247 4245 364 4312 bellios
379 4245 421 4311 ad
444 4267 512 4331 nos,
537 4269 671 4332 regnum
696 4245 784 4312 istud
809 4246 927 4310 iterum
949 4246 983 4310 in
999 4251 1195 4330 potestatem

91 4364 169 4414 mem
189 4351 458 4438 redigerewellet,
483 4354 531 4420 ita
555 4361 670 4440 postea
686 4359 784 4439 caput
800 4361 946 4420 nostrum
962 4359 995 4420 et
1012 4357 1109 4420 enimi
1127 4377 1196 4420 sen-

92 4473 149 4522 snm
176 4459 337 4530 debuimus
361 4463 504 4532 studiose
534 4465 577 4530 ad
601 4465 826 4532 Romanorum
849 4465 1080 4548 imperatorem
1105 4465 1195 4531 incli-

92 4581 164 4650 nare,
185 4572 270 4638 cuius
293 4571 416 4640 auxilio
440 4573 560 4640 iterum
577 4575 707 4641 veniens
723 4577 839 4640 contre
858 4572 950 4638 illum
978 4573 1130 4659 expulsus
1147 4579 1195 4638 est
