3062 5414
357 481 421 554 lbO
722 494 841 554 sentiri
856 493 1108 555 esmloortiudsrx.

461 675 611 838 (Eggkoni
626 676 746 735 sorditie
772 698 789 734 a
813 676 891 739 beai
914 680 981 736 udv.
1006 679 1135 736 kammai
1150 677 1335 738 levdltdrbam
1351 679 1463 738 Siebenb.
1516 709 1518 718 ι

353 768 519 825 Urkunden.
1222 793 1227 800 .

858 957 981 1026 XXX.

763 1107 858 1173 1602.
874 1109 1008 1190 azept
1035 1109 1084 1172 14

436 1253 530 1312 Eadm
546 1275 564 1312 o
579 1257 763 1312 esdrzdraoir:
780 1257 872 1312 Simon
891 1259 975 1327 saido
990 1260 1200 1329 mmrreretdsdrd'l
1208 1261 1332 1330 jelentdst
1347 1268 1400 1316 terr.

460 1391 690 1460 Sacratissima
705 1414 858 1460 caesarea
872 1394 1028 1478 regiaque
1046 1391 1204 1461 Maiestas
1221 1397 1281 1462 stb.

458 1499 535 1568 Non
550 1500 737 1568 dubitamus
763 1502 1011 1570 clementissime
1028 1502 1164 1588 domine,
1190 1501 1394 1570 Maiestatem
1408 1501 1462 1570 Va

350 1616 454 1692 stram
471 1631 656 1676 caesaream
667 1609 804 1693 benigne
814 1611 1003 1694 meminisse,
1014 1611 1132 1694 quibus
1148 1609 1188 1676 de
1204 1612 1309 1678 causis
1323 1619 1356 1677 et
1370 1609 1463 1676 arduis

349 1717 497 1802 negotiis,
522 1717 742 1803 superioribus
767 1716 967 1804 temporibus
990 1718 1134 1802 legatum
1159 1725 1307 1785 nostrum
1331 1717 1462 1785 Ztroiam

350 1819 534 1910 Buczestby
551 1823 594 1890 ad
618 1823 827 1892 Maiestatem
842 1825 995 1894 Vestram
1012 1847 1196 1892 caesaream
1213 1826 1460 1913 ablegaverimus,

348 1954 407 2016 per
424 1953 519 2018 quem
543 1938 691 1999 nostrum
715 1935 859 2018 legatum
883 1932 1068 1999 Maiestatis
1083 1934 1223 2003 Vestrae
1241 1957 1322 2002 caes.
1339 1937 1462 2020 gratiam

350 2046 383 2105 et
398 2040 656 2108 benevolentiam
673 2063 739 2126 qua
763 2062 841 2127 erga
856 2063 914 2108 nos
932 2039 1083 2125 afficitur,
1104 2043 1232 2128 copiose
1248 2043 1460 2110 intelleximus.

456 2147 742 2232 Requisiveramus
757 2147 966 2216 Maiestatem
974 2153 1115 2213 vestram
1125 2169 1310 2216 caesaream
1320 2173 1378 2236 per
1386 2171 1463 2235 prae

348 2256 471 2322 dietum
495 2262 642 2322 nostrum
667 2257 810 2341 legatum
835 2257 874 2322 de
900 2255 1011 2340 aliquo
1036 2256 1171 2324 castello
1195 2259 1229 2324 iu
1254 2257 1463 2325 Transilvauia

349 2367 411 2432 sito
427 2365 528 2432 Weca
543 2366 709 2432 nominato
734 2387 792 2450 per
816 2365 920 2431 Mtem
945 2365 1099 2434 Vestram
1118 2388 1199 2432 caes.
1225 2366 1318 2434 nobis
1344 2369 1463 2433 clemen·

347 2481 398 2540 ter
422 2473 616 2542 conferendo
642 2473 683 2539 de
708 2495 772 2558 quo
796 2473 927 2560 negotio
952 2475 986 2538 in
1010 2475 1226 2541 instructione
1251 2482 1363 2542 nostra
1379 2477 1462 2542 etiam

349 2583 470 2648 mentio
487 2579 533 2648 fit
544 2579 703 2648 Similiter
718 2584 817 2650 etiam
834 2588 900 2648 tres
916 2581 1034 2650 fratres
1050 2582 1268 2669 Bumestiany·
1286 2605 1326 2648 ex
1341 2605 1462 2668 quemn

346 2710 479 2758 numero
490 2711 572 2756 unus
582 2689 706 2776 Ztroya
715 2689 900 2778 Buczestb'y
909 2691 1096 2777 praedictus
1106 2695 1217 2756 noster
1226 2691 1362 2776 legatus,
1377 2693 1462 2757 nomi·

345 2821 386 2865 ne
402 2800 542 2865 aliorum
553 2798 689 2864 duorum
699 2797 846 2882 fratrum,
856 2795 1066 2864 Maiestatem
1073 2797 1227 2866 Vestram
1238 2819 1418 2864 caesaream
1431 2797 1463 2862 de

346 2909 489 2976 castellis
504 2905 630 2990 Egeres
655 2912 689 2973 et
713 2905 811 2974 Bolia
835 2908 869 2972 in
885 2907 1128 2974 Transsilvania
1143 2908 1222 2991 sitis,
1237 2908 1317 2992 ipsis
1332 2927 1390 2991 per
1404 2905 1463 2970 Ma·

344 3018 495 3084 iestatem
510 3015 666 3086 Vestram
682 3037 868 3082 caesaream
883 3015 1021 3098 benigne
1037 3013 1238 3081 conferendis
1253 3017 1463 3100 requisiverat
1516 3015 1518 3022 '

346 3125 532 3211 Elapropter
550 3123 761 3192 Maiestatem
776 3123 930 3194 Vestram
947 3145 1130 3189 caesaream
1154 3123 1321 3188 humiliter
1338 3143 1463 3202 oramus,

345 3235 424 3299 velit
438 3235 543 3298 nostri
559 3234 734 3300 clementer
750 3234 792 3300 ob
808 3239 991 3318 respectum
1015 3237 1199 3298 nostrorum
1219 3231 1364 3300 fidelium
1379 3231 1464 3299 servi·

346 3341 466 3406 tiorum
482 3362 593 3408 curam
612 3339 743 3427 habere,
762 3341 961 3426 castellaque
976 3341 1146 3426 praedicta
1162 3362 1201 3406 ex
1217 3344 1324 3424 gratia
1340 3343 1464 3408 clemen·

343 3455 395 3514 ter
411 3446 564 3514 conferre.
590 3445 697 3534 Quam
719 3447 905 3516 Maiestatis
921 3447 1061 3518 Vestrae
1076 3469 1159 3515 caes.
1176 3449 1317 3532 gratiam
1331 3456 1365 3515 et
1381 3451 1463 3516 bene

342 3558 518 3630 volentiam
535 3539 624 3626 omni
646 3555 805 3624 fidelitate
830 3555 872 3622 ad
887 3555 1038 3622 ultimum
1053 3578 1156 3640 usque
1172 3557 1257 3622 vitae
1273 3563 1403 3624 nostrae
1415 3557 1464 3622 ha·

340 3667 439 3732 litum
452 3667 608 3732 reservire
624 3665 836 3734 studebimus.

449 3772 600 3839 Eandem
616 3771 826 3840 Maiestatem
835 3771 991 3842 Vestram
1001 3771 1062 3839 stb.
1079 3773 1282 3839 faelicissimo
1298 3775 1405 3839 valere
1419 3794 1464 3839 cn·

339 3881 475 3966 pientes.
492 3881 618 3950 Datum
634 3901 675 3946 ex
692 3882 823 3948 civitate
839 3887 952 3948 nostra
968 3880 1173 3964 Tergovistia
1191 3881 1244 3946 die
1262 3884 1312 3946 14.
1329 3881 1464 3967 Septen-

340 3990 407 4056 bris
424 4012 509 4056 auno
528 3973 627 4056 1602.

446 4097 603 4164 Eiusdem
619 4094 806 4166 Maiestatis
821 4104 948 4166 vestrae
964 4121 1135 4167 caesareae

771 4203 877 4272 fidelis
894 4229 932 4272 ac
947 4213 1125 4292 perpetuus
1146 4210 1282 4274 servitor

519 4311 624 4398 (Oldlt
639 4310 782 4398 irctssol)
1032 4313 1160 4398 (Rovlul
1176 4317 1293 4404 oojdo)

447 4463 590 4520 Katezem:
605 4463 803 4522 Sacratissimo
827 4473 856 4524 et
881 4465 1082 4525 invictisssimo
1097 4469 1290 4525 Romanorum
1309 4466 1463 4542 imperatori

339 4555 463 4612 Rudolt‘o
480 4556 604 4611 secundo
620 4593 628 4612 .
644 4595 652 4611 .
668 4595 676 4611 .
692 4596 700 4611 .
716 4558 771 4612 stb.

523 4679 679 4754 (Eredetije
695 4699 713 4736 a
729 4677 805 4736 bdesi
821 4699 859 4738 os.
877 4680 908 4737 ds
931 4683 986 4741 lrir.
1001 4683 1065 4741 titlr.
1082 4683 1130 4742 dll.
1149 4680 1286 4754 ltdrban.)
