3042 5404
513 527 606 595 1691.
625 549 702 596 neca.
721 529 770 595 18.
1161 519 1225 592 let

6 665 10 804 1
99 703 255 796 sexaginta
273 705 378 778 millia
393 707 593 794 tallerorum,
609 727 670 794 pro
686 708 880 776 necessitate
896 705 1011 774 maiori
1027 705 1078 774 rel
1094 705 1225 776 minori.

6 817 8 908 ζ
99 817 176 886 Sunt
197 825 367 904 praeterea
390 823 464 886 octo
479 816 655 904 parochiae
670 838 729 884 aen
744 817 898 902 capitula,
914 837 999 900 qnae
1015 815 1077 901 ipsi
1094 817 1225 885 univcr-

6 977 8 992 .
98 928 421 1014 uuumappellant:

6 1045 7 1076 ³
192 1036 412 1118 Bistriciense,
431 1055 505 1102 oum
520 1033 636 1118 viginti
652 1035 796 1120 quinque
813 1035 916 1120 pagis.

194 1143 376 1228 Regnense,
394 1143 488 1228 pagis
503 1140 683 1212 XXVIIL

6 1299 8 1346 3
193 1250 376 1318 Barcrense
407 1273 428 1318 a
458 1249 567 1334 fluvio,
597 1249 697 1316 hahet
728 1247 890 1318 Coronam
920 1255 954 1316 et
973 1247 1251 1335 quatuordecim

6 1375 8 1424 τ
97 1381 199 1445 pagos

6 1487 7 1490 ’
193 1466 358 1534 Kizdense
374 1465 554 1551 capitulum
569 1487 672 1551 pagos
687 1461 903 1536 XXXXVL

6 1659 7 1664 ¹
194 1575 337 1642 Ketsinlr
348 1575 526 1659 capitulum
536 1595 594 1641 seu
604 1573 743 1641 duarum
762 1573 896 1658 sedium,
912 1575 1076 1642 civitatem
1092 1573 1219 1660 Megies

6 1669 8 1684 ’
99 1705 163 1750 cnm
178 1684 271 1768 pagis
287 1683 426 1767 triginta
441 1703 508 1749 sex.

6 1775 8 1822 ⁵
193 1792 381 1861 Oibiniense
397 1793 585 1878 capitulum,
601 1813 704 1878 pagos
719 1791 938 1877 quadraginta
952 1813 1075 1860 novem

194 1902 296 1970 Sebes
306 1902 495 1987 capitulum,
514 1921 616 1986 pagos
631 1900 820 1968 octodecim

6 2079 8 2096 ,
196 2008 327 2078 Horum
351 2009 495 2077 omnium
520 2008 664 2076 decimae
679 2008 888 2094 pertinebant
903 2009 980 2075 olim
996 2009 1038 2076 ad
1054 2009 1221 2096 episcopa·

6 2133 8 2200 3
99 2121 160 2183 turn
185 2117 456 2202 Transsilraniae,
472 2138 558 2183 nunc
582 2117 712 2201 ipsimet
728 2114 873 2184 Saxones
889 2117 1023 2200 parochi
1039 2139 1060 2184 a
1074 2119 1222 2202 principe

6 2205 8 2304 1
100 2225 246 2292 arendare
266 2227 373 2294 solent
387 2227 423 2292 in
437 2231 529 2294 certa
544 2246 679 2308 summa,
695 2245 780 2308 qnae
795 2223 874 2290 mihi
891 2245 955 2290 non
971 2231 1109 2310 constat,
1124 2225 1223 2292 habe·

6 2347 7 2416 ζ
100 2337 148 2397 tur
176 2341 285 2400 tamen
315 2334 409 2401 istius
440 2333 488 2399 rei
518 2332 686 2402 orbatium
710 2332 744 2397 in
769 2329 1013 2400 Transsilvania
1028 2331 1116 2418 apud
1131 2353 1224 2400 aren·

6 2433 8 2506 1
100 2437 231 2508 datores.

6 2545 8 2626 ξ
197 2546 357 2632 Tempore
387 2548 477 2631 pacis
500 2545 647 2615 Saxones
678 2553 830 2614 tenentur
860 2547 1039 2634 principem
1064 2569 1137 2616 cnm
1153 2553 1224 2617 tota

6 2699 8 2732 ,
103 2655 179 2740 aula,
194 2676 268 2722 cum
293 2655 337 2724 ad
351 2655 426 2723 11100
442 2656 541 2724 animi
557 2677 655 2721 causa
671 2655 860 2738 excurrerit,
876 2655 978 2741 gratis
994 2657 1100 2742 alere;
1116 2658 1224 2724 solent

6 2739 8 2844 1
104 2763 179 2828 enim
202 2763 350 2848 pricipes,
365 2764 557 2848 praesertim
574 2762 706 2828 hiemali
722 2769 877 2847 tempore,
893 2783 966 2828 cum
982 2761 1139 2830 Albensis
1155 2771 1220 2832 tra·

103 2877 167 2936 ctus
181 2870 223 2937 ob
238 2869 457 2954 frequentium
473 2871 652 2936 aulicorum
662 2871 798 2955 penuria
807 2869 1013 2954 laboraverit,
1024 2893 1058 2937 se
1069 2871 1111 2938 ad
1121 2871 1222 2940 Saxo·

6 3005 8 3068 1
103 2979 312 3063 0000001110το,
328 2983 362 3044 01
377 2977 474 3045 isthic
489 2978 610 3062 ubique
625 2976 794 3062 splendide
811 2977 954 3044 donariis
971 2985 1134 3066 exceptus,
1151 3003 1224 3047 con·

6 3071 8 3166 1
102 3085 202 3169 virari,
221 3091 254 3151 01
270 3087 318 3152 110
333 3086 461 3170 aliquot
475 3107 600 3152 menses
616 3087 684 3152 sinc
700 3087 849 3171 expensis
865 3084 1052 3172 producere.

6 3173 8 3286 s
199 3191 281 3260 Oum
297 3217 372 3261 vero
388 3201 438 3262 est
453 3195 540 3262 domi
556 3197 714 3280 princeps,
731 3195 829 3262 boves
844 3195 1043 3278 mactabiles,
1059 3197 1223 3282 vina,are-

103 3320 170 3366 nam
194 3309 227 3369 et
251 3325 345 3371 omne
361 3293 462 3388 genus
477 3303 633 3370 frumenti
648 3305 752 3388 gratia
767 3305 801 3370 in
817 3303 926 3371 aulam
942 3303 1097 3389 principis
1112 3328 1224 3374 conre-

6 3425 8 3480 1
102 3405 183 3493 hunt,
198 3432 335 3495 quornm
350 3412 516 3497 praecium
532 3433 572 3478 ex
587 3419 665 3478 taxa
681 3411 765 3478 solet
779 3419 892 3498 postea
907 3411 1071 3480 defalcari.

6 3503 8 3510 ’
200 3517 257 3587 Ad
281 3541 376 3586 usum
400 3541 529 3604 quoque
555 3527 589 3587 et
603 3521 828 3588 necessitatem
844 3520 1008 3606 principis,
1024 3521 1080 3588 uhi
1096 3545 1117 3589 a
1131 3545 1224 3609 prae-

6 3639 8 3714 3
103 3621 178 3692 10010
187 3623 326 3694 Alhensi
335 3627 494 3695 admoniti
510 3625 639 3712 fuerint,
657 3649 758 3714 equos
774 3629 903 3696 curules
919 3628 1149 3698 administrare
1165 3637 1225 3718 tot,

6 3799 8 3838 ÷
103 3739 176 3813 quot
183 3735 356 3802 necessarii
372 3743 456 3820 sunt,
471 3741 634 3804 tenentur.

6 3919 7 3922 1
200 3841 346 3928 Singulis
355 3843 432 3910 item
442 3844 537 3910 aunis
554 3863 664 3910 omnes
681 3842 773 3910 sedes
789 3847 823 3910 et
839 3843 985 3911 civitates
1002 3845 1180 3932 principem
1190 3849 1223 3915 in

6 3939 8 3986 ³
103 3947 165 4032 ipsc
174 3952 425 4019 circumcisionis
434 3951 517 4020 10010
528 3952 631 4018 xeniis
640 3951 824 4020 honorariis
843 3953 992 4039 excipere
1008 3955 1122 4041 solent,
1132 3977 1225 4042 prae·

6 4105 8 4144 ,
103 4061 205 4124 sertim
220 4059 349 4146 scyphis
365 4059 532 4128 deauratis
547 4061 763 4146 amplissimis.

6 4145 8 4192 ⁵
201 4166 361 4254 Tempore
386 4175 496 4236 autem
520 4166 600 4235 belli
625 4175 767 4254 vectura,
792 4175 992 4236 commeatus
1018 4171 1224 4239 etmalorum

6 4261 7 4288 ³
104 4279 328 4344 tormentorum
346 4279 554 4362 omniumque
570 4279 859 4344 instrumentorum
874 4278 1066 4346 bellicorum
1083 4303 1227 4366 praeser-

6 4399 15 4478 {-
104 4379 157 4445 tim
187 4386 382 4470 capitulares
415 4369 463 4452 1111
504 4385 689 4453 sacerdotes
721 4385 876 4454 Saxonici
909 4389 1000 4472 gravi
1031 4387 1091 4456 sub
1121 4409 1227 4474 poena

6 4527 8 4564 ,
104 4489 256 4558 tenentur.

6 4591 9 4616 ²
200 4601 284 4667 Item
294 4623 334 4668 ex
346 4603 495 4669 omnibus
511 4602 697 4669 civitatibus
713 4609 746 4668 01
762 4601 894 4669 sedibus
905 4625 1004 4688 anna,
1015 4625 1099 4688 quae
1114 4605 1176 4689 ipsi
1192 4607 1226 4671 iu

105 4712 355 4777 armamentariis
380 4709 511 4796 habeut,
536 4717 569 4778 01
593 4712 731 4778 militem
756 4717 915 4793 quantum
941 4720 1086 4796 possunt,
1102 4735 1167 4780 nou
1184 4713 1226 4778 ud

6 4809 8 4822 '
644 4839 647 4846 ·
1068 4822 1116 4870 ιι*
