3042 5404
469 489 563 546 160³.
580 508 657 543 rasa.
677 490 727 545 28.
1099 485 1161 548 221

48 660 270 726 illustrissimus
300 659 448 726 dominus
473 657 637 744 Georgius
664 659 770 726 Basta
793 659 827 724 in
851 664 1032 742 contractu,
1056 660 1166 744 rigore

1 821 2 824 ,
48 768 289 852 plenipotentiae
313 789 334 833 a
357 765 425 832 Ma
450 766 515 836 Vra
539 789 621 834 sacr.
646 769 676 834 ei
701 767 881 834 attributae
907 789 979 834 cum
999 766 1166 834 ordinibus

48 876 217 959 prouinciae
232 877 325 960 inito,
348 876 382 941 in
398 875 511 942 eodem
535 883 625 943 statu
640 875 820 961 reliquerit,
836 883 932 942 orant
948 876 1086 960 ordines,
1103 898 1167 961 quo

50 981 119 1046 Mos
133 983 200 1052 Vra
218 1005 300 1051 sacr.
309 984 500 1068 religionem
510 985 578 1050 sine
588 983 675 1050 omni
687 983 933 1070 perturbatione
944 983 1056 1050 eodem
1072 985 1168 1051 modo

50 1111 225 1158 conservare
250 1092 339 1176 velit,
365 1091 638 1178 quemadmodum
662 1093 697 1158 in
722 1093 860 1159 caeteris
876 1095 976 1159 etiam
991 1094 1168 1178 provinciis

51 1197 133 1264 Mrem
147 1200 242 1270 Vram
258 1223 341 1270 sacr.
356 1201 518 1270 iacturam
534 1203 665 1270 ordines
680 1203 864 1289 provinciae
882 1203 1169 1289 Transsylsanicae

1 1295 2 1311 ¹
52 1313 240 1393 compertum
259 1309 391 1378 habent.

1 1407 2 1488 ζ
145 1423 174 1484 2.
191 1416 473 1503 Quemadmodum
489 1421 523 1486 in
533 1421 635 1506 priori
646 1421 745 1490 etiam
764 1421 927 1504 legatione
943 1421 986 1488 ab
1001 1420 1170 1488 ordinibus

1 1559 2 1574 2
52 1529 130 1608 regni
145 1527 435 1615 Tmnssylvanioas
446 1531 664 1616 supplicatum
674 1535 732 1614 est,
749 1536 786 1597 ut
802 1553 883 1598 sacr.
899 1529 982 1598 Mass
997 1531 1077 1599 vise
1087 1553 1170 1598 sere-

52 1633 205 1700 nissimum
230 1636 396 1703 dominum
428 1636 690 1706 Maximilianum
715 1637 921 1706 archiducem
950 1643 1010 1704 etc.
1035 1637 1171 1704 fratrem

53 1761 132 1806 mum
156 1743 382 1811 charissimum
406 1767 465 1830 pro
490 1747 582 1831 regni
599 1747 878 1814 administratione
903 1747 936 1812 in
962 1745 1171 1832 Transsylva·

54 1850 100 1916 uia
120 1851 295 1936 praeficere
326 1853 535 1938 dignaretur:
567 1855 753 1941 supplicant
783 1857 882 1922 etiam
906 1876 1001 1938 nunc,
1025 1877 1058 1921 sc
1083 1855 1117 1920 in
1134 1877 1171 1920 eo

1 1965 2 1984 ³
55 1960 198 2028 exaudiri.
208 1959 305 2046 Quod
315 1963 342 2028 si
352 1963 464 2047 aliqua
478 1963 519 2029 de
536 1985 635 2030 causa
650 1961 712 2029 Mu
724 1962 805 2032 Vsus
815 1983 896 2029 sacr.
907 1961 1171 2046 aliterrideatur,

54 2065 298 2136 illustrissimum
322 2069 487 2138 domiuum
513 2068 692 2156 Georgium
717 2069 823 2137 Basta
838 2093 859 2136 a
874 2071 1044 2156 praeclara
1059 2069 1123 2136 fide
1141 2077 1174 2136 ot

1 2225 2 2256 ᾖ
55 2173 204 2244 industria
219 2177 283 2242 Mor
296 2176 376 2246 viae
386 2199 467 2244 sacr.
482 2178 734 2263 provincialibus
752 2199 828 2244 vero
845 2177 886 2244 ob
902 2199 1012 2244 amore
1029 2178 1174 2244 iustitiae

1 2281 2 2320 ³
57 2282 265 2369 laudabilique
290 2305 399 2352 rerum
424 2285 705 2352 administratione
739 2286 820 2352 satis
846 2285 1122 2368 commendatum;
1148 2285 1175 2349 si

1 2389 2 2472 j
57 2411 121 2456 sero
144 2393 178 2458 id
202 2393 303 2460 etiam
319 2393 381 2459 Μῒἰ
409 2393 490 2462 Vns
505 2415 586 2461 sacr.
613 2395 718 2460 minus
743 2395 881 2479 placeat,
900 2391 982 2462 ΜΨ
999 2393 1079 2462 Vrsa
1095 2413 1175 2458 sacr.

57 2501 230 2582 provinciae
255 2501 351 2568 huius
376 2523 476 2586 regno
501 2501 693 2588 Hungariac
719 2503 784 2568 iam
799 2504 1024 2586 incorporatae
1041 2500 1176 2567 admini-

1 2617 3 2664 ἒ
59 2610 237 2675 strationem
262 2630 351 2677 more
366 2610 650 2696 praedecessorum
675 2632 805 2677 suorum
822 2611 969 2676 divorum
985 2609 1176 2692 Hungariac

1 2703 2 2750 ³
59 2736 169 2802 regum,
194 2718 291 2784 alteri
317 2719 415 2784 alicui
431 2719 616 2803 Ungaricse
640 2721 792 2804 nationis,
818 2725 896 2805 apto
921 2725 955 2785 et
971 2719 1096 2802 idoneo,
1112 2717 1177 2785 ole-

1 2875 3 2894 ,
59 2832 172 2890 menter
187 2827 392 2894 committere
408 2827 494 2894 velit.

156 2937 185 2998 3.
201 2931 285 3000 Oum
301 2956 380 3001 cura
396 2941 429 3002 et
446 2935 687 3003 administratio
697 2957 809 3020 regum
819 2957 883 3003 nou
899 2935 1003 3002 minus
1020 2935 1180 3002 conducat

1 3071 2 3098 1
61 3037 97 3103 ad
111 3033 382 3108 conservationem
407 3043 596 3110 libertatum
622 3041 834 3126 subditorum,
849 3064 947 3127 quam
962 3043 1055 3126 regni
1070 3039 1179 3108 desen·

1 3182 2 3188 κ
62 3146 188 3215 sionem:
204 3149 277 3217 ideo
293 3157 391 3217 orant
407 3151 535 3218 ordines
559 3149 702 3235 demisse,
718 3157 755 3216 ut
770 3149 853 3216 Mssa
869 3151 949 3219 Vrae
966 3171 1046 3216 sacr.
1070 3171 1180 3216 omnes

1 3257 2 3266 ’
63 3254 188 3340 ordines,
211 3257 427 3342 nobilitatem,
451 3259 600 3325 civitates
633 3265 789 3342 muratas,
815 3265 848 3324 et
872 3257 977 3324 libera
1001 3257 1122 3344 oppida
1146 3258 1180 3324 in

1 3443 2 3456 χ
62 3360 186 3449 legibus,
210 3366 439 3434 donationibus
464 3363 623 3452 (exceptis
648 3365 876 3434 donationibus
902 3365 1074 3432 Michaelis
1099 3366 1180 3431 alius

1 3469 2 3550 ζ
64 3472 204 3540 raivodae
220 3473 401 3542 Valachiae
418 3473 710 3560 Transalpiuensis,
729 3473 868 3559 demptis
886 3473 1081 3558 quibusdam
1098 3473 1180 3538 mili·

65 3577 149 3664 tibus,
165 3583 236 3648 aliis
253 3582 420 3668 quibusvis
436 3581 547 3670 factis)
572 3605 631 3649 nec
651 3604 715 3648 uon
731 3583 835 3648 literis
851 3579 1115 3666 privilegialibus,
1131 3601 1180 3644 as·

1 3762 2 3772 ,
66 3691 278 3774 accusatoriis,
310 3691 585 3776 inscriptionibus,
617 3689 904 3775 impignoraticiis,
929 3686 1182 3770 adiudicatoriis,

1 3847 2 3852 η
67 3815 228 3882 earumque
244 3799 457 3885 processibus,
473 3799 741 3882 immunitatibus,
762 3797 978 3878 libertatibus,
998 3795 1133 3860 indultis
1150 3801 1183 3860 et

1 3993 2 3996 Ἴ
66 3901 250 3973 inomnibus
265 3907 510 3993 praerogativis,
537 3907 713 3973 clementer
729 3925 919 3970 conseruare
936 3903 1025 3986 velit,
1041 3904 1184 3986 quando·

68 4012 187 4093 quidem
202 4022 235 4080 ct
250 4013 373 4080 domini
389 4015 600 4082 commissarii
615 4013 657 4079 D.
684 4011 871 4097 Stephanus
887 4009 1011 4094 Zuhay,
1028 4009 1185 4076 Nicolaus

1 4125 2 4200 ξ
67 4115 215 4207 lstuanffy
230 4129 265 4188 et
289 4121 563 4190 Bartholomaeus
587 4119 720 4205 Pozzen,
745 4119 916 4185 novissime
931 4137 1007 4183 vero
1025 4117 1124 4183 etiam
1140 4117 1185 4182 ill.

1 4217 2 4270 3
69 4225 104 4291 D.
119 4225 276 4315 Georgius
300 4229 406 4298 Basta
430 4231 537 4296 literis
563 4231 630 4296 suis
645 4228 709 4296 fide
724 4227 918 4312 interposita
933 4225 1186 4309 provincialibus

1 4345 2 4428 ]
70 4333 155 4420 datis,
170 4359 206 4406 ea
220 4341 254 4406 in
271 4339 408 4424 pristino
424 4345 514 4404 statu
531 4344 564 4404 et
589 4337 705 4404 robore
718 4337 948 4419 relinquentes,
964 4333 1187 4432 approbarint.

1 4465 2 4528 l
71 4440 161 4512 Cuius
175 4449 214 4515 D.
231 4447 368 4534 Georgii
384 4449 507 4515 Baetae
518 4453 721 4516 contractum
731 4469 804 4513 cum
820 4443 989 4511 ordinibus
1005 4444 1187 4528 provinciae

1 4578 2 4600 1
73 4574 146 4619 auno
172 4559 314 4640 proxime
338 4559 517 4643 praeterito
552 4557 762 4637 celebratum,
796 4559 829 4618 et
853 4552 1127 4617 assecurationem
1152 4557 1189 4616 ut

73 4655 145 4721 Mus
160 4661 219 4728 vra
251 4685 331 4730 sacr.
347 4665 537 4730 inviolatam
562 4663 691 4743 habeat,
707 4661 873 4726 humilima
890 4657 1019 4725 ordines
1035 4681 1188 4743 praecun-
