3042 5404
343 471 407 532 176
719 481 837 530 cantum
853 481 1106 533 omzlcertnasax.

449 646 695 712 Transilvaniae
720 651 845 712 tractus
870 648 982 728 omnis,
1007 668 1071 730 quo
1097 648 1139 713 ad
1154 649 1236 713 situs
1261 648 1469 714 commodita-

341 762 406 822 tem
423 757 548 838 attinet,
564 756 647 819 nulli
663 745 798 820 dubidm
814 759 864 820 est
874 751 1063 839 (dummodo
1078 758 1245 840 provincia
1260 753 1469 838 retineretur)

342 867 419 949 quin
434 885 570 948 magnae
595 862 733 928 utilitati
757 861 870 928 lutura
895 863 938 928 sit
955 862 1140 930 Maiestatis
1155 864 1297 934 Vestrae
1322 865 1469 932 omuibus

341 975 457 1058 regaie,
483 993 555 1038 cum
581 993 621 1036 ex
637 992 676 1036 ea
699 971 841 1036 faciliter
857 969 966 1037 'furca
984 971 1072 1038 bello
1097 973 1258 1056 exagitari
1282 974 1385 1058 possit
1409 995 1469 1038 nou
1495 957 1496 966 ¹

340 1084 445 1147 solum
462 1082 496 1146 in
511 1080 666 1164 proximis
684 1077 839 1163 confiniis,
848 1079 906 1144 sed
916 1080 1015 1145 etiam
1034 1080 1277 1146 excursionibus
1297 1088 1388 1147 trans
1404 1081 1468 1147 Da·

279 1171 281 1178 ’
339 1191 474 1256 nubium
499 1193 681 1272 opportune
706 1188 842 1253 tentatis
867 1209 932 1253 nou
958 1187 1028 1252 leve
1052 1189 1114 1272 ipsi
1132 1187 1285 1256 damnum
1311 1187 1422 1255 afferri
1439 1195 1469 1252 et

340 1297 383 1364 ad
398 1297 578 1362 Walachos
594 1294 654 1360 sub
678 1294 742 1360 fide
758 1295 945 1361 Maiestatis
966 1295 1107 1364 Vestrae
1122 1296 1334 1363 continendos
1349 1297 1468 1362 iuvabit
1496 1359 1498 1376 ,

340 1406 524 1489 plurimum,
549 1404 634 1469 sicut
659 1403 701 1468 ad
716 1404 865 1470 timorem
890 1403 1054 1470 Moldavis
1079 1405 1307 1488 incutiendum,
1332 1405 1468 1471 Polouos

340 1535 511 1599 suspensos
545 1511 724 1578 reddendos
750 1519 783 1578 et
815 1512 858 1578 ad
884 1513 1118 1597 Huugarorum
1153 1513 1337 1598 superbiam
1362 1513 1467 1597 aliquo

340 1622 435 1688 modo
452 1620 715 1705 compescendam
731 1621 823 1686 nulla
839 1622 945 1705 aptior
963 1623 1099 1706 reperiri
1115 1627 1225 1707 potest
1239 1623 1304 1688 loci
1319 1620 1466 1688 conditio.

342 1727 407 1796 Sed
423 1729 492 1794 iure
508 1734 616 1812 potest
631 1730 712 1794 verti
728 1732 761 1794 in
777 1727 928 1794 dubium:
945 1751 987 1795 an
1006 1731 1110 1814 possit
1132 1731 1184 1795 vel
1199 1729 1352 1815 expediat
1366 1731 1463 1814 ipsam

340 1837 537 1923 provinciam
554 1838 692 1902 retinere
709 1843 742 1902 et
758 1837 920 1922 quomodo
936 1837 970 1902 id
986 1839 1115 1923 assequi
1130 1839 1297 1922 possimus

447 1941 543 2028 Quod
558 1945 644 2011 bello
670 1951 719 2012 est
744 1946 972 2029 conquisitum,
997 1948 1173 2012 retinemus
1188 1946 1313 2012 viribus
1329 1953 1363 2013 et
1377 1966 1463 2031 pecu·

341 2053 412 2138 niis,
437 2055 522 2119 vires
548 2054 589 2120 ab
614 2056 769 2138 exercitu,
794 2056 984 2140 arciumque
1008 2055 1264 2140 propugnaculis
1282 2055 1374 2121 nobis
1391 2075 1465 2120 com·

341 2185 503 2248 paramus.
529 2159 647 2245 Quoad
672 2185 771 2246 arces,
794 2164 829 2228 in
854 2169 926 2230 tota
950 2165 1081 2248 regione
1097 2165 1149 2230 vix
1165 2165 1234 2229 ulla
1259 2171 1309 2230 est
1324 2184 1407 2248 quae
1421 2163 1465 2226 rel

341 2271 561 2357 brevissimam
578 2275 812 2336 tonnentorum
822 2270 1013 2336 bellicorum
1024 2271 1296 2356 expugnationem
1314 2273 1464 2338 sustinere

341 2380 453 2463 possit.
470 2376 556 2444 Sunt
571 2377 703 2461 quidem
718 2379 752 2443 iu
769 2375 949 2444 confinibus
967 2379 1057 2461 agris
1073 2400 1194 2463 eaeque
1209 2379 1319 2462 magni
1333 2379 1464 2444 nominis

341 2508 449 2552 arces:
466 2485 575 2569 Lippa
600 2489 633 2550 et
658 2483 683 2549 J
685 2507 782 2570 eneo;
808 2485 865 2552 sed
890 2486 1003 2570 quales
1019 2507 1095 2552 nam
1110 2486 1183 2568 sint,
1199 2485 1262 2552 hoc
1277 2507 1376 2551 unum
1392 2486 1463 2551 satis

342 2595 386 2659 sit
401 2593 537 2658 dixisse:
555 2591 793 2678 Transylvanos
818 2593 906 2676 ipsos
931 2593 1025 2658 annis
1042 2592 1160 2676 elapsis
1183 2613 1204 2658 a
1220 2591 1401 2658 'l'urcarum
1416 2613 1463 2676 po

341 2701 447 2768 tentia
470 2701 559 2784 ipsas
583 2701 752 2784 recepisse.
777 2699 937 2770 Varadini
963 2700 1181 2767 conditionem
1206 2700 1287 2766 alias
1313 2699 1462 2766 Maiestas

341 2810 463 2880 Vestra
486 2829 573 2875 ame
598 2808 730 2892 audivit,
761 2831 834 2876 cum
864 2807 1002 2894 supplex
1033 2830 1169 2893 orarem,
1187 2830 1229 2874 ne
1245 2810 1275 2874 ei
1292 2807 1461 2875 sententiae

342 2917 526 3000 confideret,
542 2917 628 3002 quod
644 2916 821 3002 aliquando
833 2915 1014 2983 Turcarum
1033 2918 1178 3001 potuerit
1192 2917 1322 2983 inanem
1337 2915 1462 2982 reddere

342 3027 622 3112 expugnationem,
638 3026 792 3110 quoniam
807 3025 924 3092 sihaec
943 3025 1029 3090 ratio
1045 3022 1216 3108 sufficeret,
1232 3025 1299 3091 iam
1314 3021 1461 3089 Maiestas

342 3135 464 3204 Vestra
474 3133 615 3217 Agriam
625 3133 772 3216 aliasque
781 3130 976 3215 Hungariae
986 3151 1077 3197 arces
1093 3139 1127 3196 et
1142 3129 1303 3196 fortalitia
1316 3129 1458 3203 haberet;

343 3243 430 3328 quod
446 3239 644 3311 eiVaradini
654 3262 714 3306 arx
730 3239 905 3326 aliquando
922 3241 1103 3322 amittatur,
1129 3245 1237 3304 ectum
1248 3244 1334 3304 esset
1349 3239 1412 3304 iam
1426 3234 1459 3299 de

342 3357 413 3418 tota
443 3350 608 3435 superiore
638 3347 812 3432 Hungam'a
842 3353 875 3414 et
905 3347 1149 3433 Trausylvania
1181 3344 1264 3412 Cum
1288 3347 1389 3431 igitur
1401 3349 1459 3409 tam

342 3481 458 3546 parum
488 3457 653 3524 fidendum
677 3459 720 3522 sit
744 3457 867 3522 arcium
892 3456 1022 3540 viribus,
1047 3456 1209 3540 reliquum
1235 3461 1286 3521 ost
1310 3460 1347 3520 ut
1371 3451 1460 3518 milite

342 3567 427 3635 hauc
451 3566 649 3652 provinciam
674 3563 894 3648 defendamus,
919 3565 975 3648 qui
1001 3563 1131 3648 quidem
1148 3567 1206 3628 aut
1222 3567 1392 3629 extraneus
1406 3557 1459 3623 erit

343 3678 393 3742 rel
402 3674 611 3760 provincialis
621 3677 655 3738 et
663 3673 717 3738 hio
726 3676 856 3757 praeter
875 3693 972 3756 quam
989 3671 1077 3756 quod
1092 3693 1152 3738 sua
1167 3677 1286 3737 natura
1302 3674 1352 3736 est
1365 3669 1459 3733 incou·

344 3783 569 3866 stantissimus,
588 3781 769 3866 pestissime
786 3781 884 3846 etiam
900 3776 1035 3846 affectus
1051 3785 1108 3863 est
1125 3800 1227 3863 quare
1242 3777 1369 3845 hostem
1384 3770 1458 3838 domi

343 3891 530 3972 nutriamus,
548 3895 585 3955 ut
609 3889 690 3956 haec
705 3891 777 3956 sola
792 3889 932 3973 suspicio
949 3885 1042 3953 valde
1058 3907 1249 3971 suspensum
1266 3886 1398 3950 militem
1412 3899 1458 3944 ex-

344 4005 493 4064 traneum
502 3998 654 4063 retinebit
662 4003 700 4064 ut
709 4018 773 4062 uon
783 3994 903 4062 audeat
912 3996 1014 4080 ipsius
1029 3995 1157 4080 copiam
1172 3995 1207 4060 in
1217 3989 1457 4066 castrishabere‚

344 4126 403 4171 nec
427 4127 447 4170 a
463 4113 554 4188 tergo
570 4105 675 4190 ipsum
692 4105 795 4170 solum
811 4104 997 4187 relinquere
1014 4109 1047 4168 et
1062 4101 1125 4168 hoc
1141 4102 1306 4185 somogia,
1322 4096 1458 4184 quoniam

344 4213 592 4279 circumvenitur
617 4235 637 4278 a
660 4212 771 4277 multis
795 4212 917 4296 regulis
933 4211 1045 4295 eisquc
1060 4207 1248 4295 potentibus
1262 4207 1395 4274 inimicis
1409 4205 1459 4268 aut

345 4321 462 4386 saltem
486 4321 620 4385 aemulis
644 4319 830 4404 Majestatis
854 4324 988 4402 vestrae,
1014 4320 1070 4403 qui
1087 4339 1195 4382 rerum
1211 4337 1363 4382 novarum
1378 4331 1456 4378 occa

345 4431 466 4495 sionem
491 4433 649 4494 venantur
673 4429 790 4512 potius,
816 4449 913 4512 quam
929 4427 1073 4494 oblatam
1090 4427 1191 4492 velint
1206 4422 1456 4509 praetermittere.

346 4537 520 4622 Reliquum
546 4543 595 4602 est
620 4538 721 4619 igitur
746 4538 908 4602 extraneis
933 4535 1093 4602 militibus
1108 4534 1213 4600 solum
1230 4555 1300 4598 esse
1316 4527 1448 4597 confideri
