3042 5404
524 505 616 560 1602.
632 447 710 559 unca..
735 505 782 560 le.
1150 503 1217 566 165

1 673 2 676 ’
92 684 151 741 tate
173 700 229 761 per
254 699 346 742 suam
371 677 586 757 maiestatem,
610 681 824 760 posteaquam
841 677 939 742 armis
965 679 1050 742 vieta
1066 688 1124 760 est,
1142 681 1217 745 reti·

93 784 197 866 nenda,
221 787 278 850 sed
302 787 336 850 in
362 785 508 850 ordinem
533 784 642 868 potius
661 782 840 868 redigenda
854 783 888 848 in
905 785 1101 868 servitutem,
1118 785 1216 854 bene-

93 894 204 958 meritis
234 894 382 978 personis
413 897 471 958 aut
501 891 665 976 prioribus
697 891 835 958 dominis
866 891 1039 974 nobilibus,
1059 893 1086 958 si
1102 893 1215 960 fideles

92 1001 218 1085 suerunt,
233 1001 459 1069 distribuenda
483 1009 541 1068 aut
559 1000 690 1067 arcibus
709 1019 786 1066 suae
805 1000 987 1066 maiestatis
1003 1001 1210 1086 applicanda,

92 1122 119 1176 et
140 1111 179 1177 ad
203 1112 333 1178 labores
358 1117 392 1176 et
408 1110 554 1175 culturas
569 1107 754 1174 lodinarum
771 1107 911 1172 vicissim
928 1107 1082 1192 cogenda.
1097 1108 1213 1175 Habet

1 1211 2 1266 ἶ
90 1221 164 1284 enim
188 1221 339 1305 princeps
363 1220 397 1284 in
422 1215 583 1283 Obikszelr
607 1215 821 1282 excellentem
846 1216 1116 1301 utilissimamque
1135 1217 1213 1284 ferri

88 1327 229 1410 fodinam,
254 1329 360 1394 molas
385 1347 539 1410 asserum,
559 1345 651 1410 quae,
669 1323 712 1391 ob
728 1345 913 1391 concessam
929 1347 950 1392 a
964 1324 1129 1392 Michaele
1145 1327 1209 1392 vai·

89 1436 160 1500 voda
174 1436 240 1501 illis
265 1435 459 1516 libertatem,
476 1432 625 1499 desertae
641 1432 757 1514 iacent,
773 1453 855 1516 quas
871 1433 934 1518 ipsi
950 1439 1048 1500 antea
1063 1434 1097 1498 in
1113 1455 1207 1500 usum

90 1545 233 1629 principis
250 1544 357 1608 colere
373 1540 577 1608 tenebantur.

1 1735 2 1738 ,
185 1669 232 1736 Ut
261 1690 342 1735 vero
370 1669 471 1734 tutius
501 1669 535 1734 in
567 1667 673 1734 oifioio
690 1668 824 1734 retineri
839 1672 981 1754 possent,
997 1669 1212 1736 restauranda

1 1812 2 1847 1
89 1783 155 1842 sunt
168 1778 227 1844 illa
242 1776 307 1844 duo
323 1777 461 1842 castella
475 1774 612 1844 Varheli
628 1781 662 1840 et
676 1774 845 1845 Vdvarhel
861 1777 938 1843 olim
948 1778 982 1843 in
998 1777 1122 1844 Siculis
1137 1800 1211 1842 con·

1 1911 2 1914 ¹
88 1894 134 1950 tra
160 1886 234 1952 illos
265 1908 286 1951 a
309 1884 511 1969 principibus
536 1889 712 1968 exstructa,
728 1883 770 1951 ab
795 1885 944 1970 ipsismet
968 1907 1072 1971 nuper
1091 1884 1209 1953 Siculis

1 2016 2 2087 3
87 1993 224 2059 inccndio
249 1993 368 2058 deleta
393 1991 560 2058 Valebant
585 1989 666 2057 baec
685 1997 795 2057 eastra
810 1991 970 2076 impositis
986 1993 1020 2058 in
1035 1993 1108 2078 ipsa
1123 1993 1210 2078 capi·

1 2089 2 2140 l
86 2100 181 2166 laneis
190 2099 341 2166 fidelibus
356 2103 470 2164 contra
486 2097 613 2165 Siculos
629 2105 663 2164 et
678 2103 852 2184 utramque
864 2098 1069 2168 Valachiam.

1 2303 2 2309 ἵ
185 2223 332 2309 Contigit
357 2223 441 2290 enim
467 2223 544 2290 olim
569 2223 743 2309 aliquoties
766 2229 805 2290 ut
820 2223 1030 2292 clandestinis
1046 2225 1210 2292 maehina·

1 2341 2 2422 j
85 2333 218 2400 tionibus
241 2333 378 2418 incitati,
403 2333 565 2418 principes
589 2331 730 2402 Valachi
762 2354 802 2399 ex
826 2339 968 2418 utraque
992 2333 1155 2404 Valacbia
1173 2335 1207 2401 in

1 2424 2 2512 f
86 2439 351 2507 Transsilvaniam
375 2441 590 2526 irruptionem
615 2440 770 2526 lecerunt,
796 2447 830 2508 et
853 2441 973 2528 insigni
992 2450 1102 2528 strage
1120 2443 1209 2510 faeta

1 2541 2 2618 Ῐ
86 2549 123 2614 ad
137 2551 266 2634 propria
281 2549 415 2633 reversi,
431 2549 542 2634 spoliis
559 2550 676 2616 onusti.

1 2661 2 2754 s
184 2673 253 2741 Aut
279 2696 355 2741 vero
366 2673 468 2741 Siculi
484 2675 720 2742 insurrectione
736 2681 769 2742 et
784 2675 944 2742 seditione
960 2681 1075 2743 contra
1090 2678 1208 2764 princi·

83 2802 137 2865 pes
160 2786 290 2850 excitati
316 2807 355 2850 ex
381 2786 521 2869 propriis
546 2785 677 2852 sedibus
701 2787 735 2852 in
751 2807 851 2852 unum
868 2784 1076 2870 confluentes,
1093 2794 1207 2854 contra

1 2877 2 2964 Ῑ
83 2893 234 2978 principes
254 2899 287 2959 et
303 2893 517 2978 provinciales
532 2893 720 2978 frequenter
735 2895 917 2980 periculose
932 2895 1051 2961 invecti
1068 2901 1152 2962 sunt.

1 3095 2 3104 ,
180 3017 256 3086 Hae
280 3021 391 3104 itaque
408 3020 491 3088 duae
507 3041 608 3104 arces,
624 3019 742 3104 quibus
758 3021 901 3105 insignes
917 3021 994 3105 pagi
1010 3027 1043 3086 et
1058 3021 1206 3088 redditus

85 3119 258 3194 Siculorum
268 3129 426 3214 applicari
437 3131 590 3214 poterint,
601 3129 716 3196 horum
732 3129 893 3196 malorum
908 3129 1086 3196 remedium
1102 3136 1206 3196 erunt.

181 3252 304 3320 Verum
331 3275 371 3320 ne
396 3259 464 3320 tam
489 3254 664 3321 bellicosae
680 3255 787 3339 gentis
803 3274 935 3340 operam
951 3255 1083 3320 omnino
1100 3255 1206 3320 delea-

82 3379 154 3446 mus,
170 3362 312 3428 servabit
327 3383 386 3430 sua
400 3365 554 3430 maiestas
579 3367 745 3448 receptum
761 3363 795 3430 in
813 3362 1059 3430 Transsilvania
1074 3361 1204 3429 modum

1 3457 2 3498 ³
83 3469 190 3536 talem:
207 3477 284 3536 sunt
298 3471 400 3555 aliqui
416 3472 502 3536 inter
517 3471 654 3555 Siculos,
670 3493 751 3555 quos
766 3473 928 3556 principes
944 3471 986 3538 ad
1003 3471 1204 3538 commenda·

1 3566 2 3652 ζ
81 3576 193 3644 tionem
203 3601 336 3646 suorum
353 3577 498 3646 fidelium
514 3602 553 3645 ex
570 3601 705 3648 numero
721 3581 915 3648 rusticorum
932 3580 1072 3646 eximere
1088 3578 1205 3661 solent,

81 3688 109 3748 et
122 3687 218 3752 armis
233 3687 356 3754 donare
372 3687 562 3771 nobilitatis,
578 3688 777 3755 tenebuntur
792 3689 847 3754 isti
864 3688 1067 3754 alerannum
1083 3707 1203 3770 equum

1 3791 2 3802 ’
81 3799 109 3856 et
130 3815 220 3860 arma
244 3795 435 3878 necessaria,
462 3801 672 3880 temporeque
697 3795 775 3862 belli
800 3795 867 3860 sive
892 3795 926 3860 in
952 3795 1068 3860 eastris
1087 3793 1202 3859 sivein

1 3909 2 3970 l
79 3901 239 3981 praesidiis
265 3909 381 3968 contra
397 3901 523 3968 hostem
539 3923 694 3988 pugnare,
711 3907 847 3987 possunt
863 3923 932 3968 esse
957 3901 1084 3985 aliquot
1099 3901 1202 3968 millia

80 4013 131 4072 aut
154 4011 288 4094 centeni,
315 4010 502 4094 etquidem
528 4011 641 4077 selecti
666 4009 797 4077 hastati.
823 4010 994 4078 Vocantur
1018 4009 1106 4094 apud
1128 4009 1203 4076 illos

82 4115 162 4204 Lo'fo',
185 4119 278 4202 quasi
295 4139 379 4184 unus
394 4139 502 4203 eques

1 4243 2 4328 l
177 4243 238 4310 Est
263 4265 330 4310 una
345 4245 446 4328 sedes,
462 4265 546 4328 quae
563 4243 936 4328 vocaturAraniasszelr,
952 4243 1002 4310 illi
1018 4244 1144 4310 incolae
1161 4242 1202 4310 ob

80 4346 165 4414 fidem
175 4359 208 4416 et
224 4353 441 4418 constantiam
459 4373 584 4436 semper
599 4355 724 4420 suntin
740 4353 893 4420 libertate
910 4353 1100 4418 conservati.
1111 4350 1201 4416 Reli-

1 4539 2 4550 ,
80 4457 249 4538 gionesnnt
269 4461 357 4543 varii,
374 4460 527 4526 catholici
552 4461 752 4546 plerumque,
784 4461 983 4541 calvinistae,
1014 4459 1201 4544 sabatistae,

76 4565 222 4651 jacentes,
253 4569 385 4634 arriani.
415 4569 477 4634 Isti
519 4568 741 4654 possunthoc
780 4577 926 4654 tempore
950 4568 1140 4654 praesertim
1166 4568 1200 4632 in

81 4675 238 4742 ecelesiam
263 4675 459 4742 catholicam
485 4679 565 4761 cogi.
591 4677 679 4744 Nam
704 4685 737 4744 et
761 4677 919 4762 proclives
944 4683 1020 4742 sunl
1045 4675 1087 4742 ad
1102 4675 1197 4741 fidem
