3100 5420
520 584 683 642 lentem.
703 585 842 642 10-24.
1186 583 1250 647 515

112 755 270 840 rincialis,
287 759 343 841 qui
360 778 424 823 non
448 758 496 822 ita
511 758 637 841 pridem
654 780 674 823 a
699 759 903 825 serenissimo
919 760 1062 845 principe
1079 761 1247 846 Stephano

113 862 257 930 Bocskai
273 867 407 950 proprio
433 865 570 932 arbitrio
596 865 718 950 absque
744 868 980 951 regnicolarum
1005 891 1161 936 consensu
1180 871 1245 936 vio·

114 972 222 1038 lenter
238 973 333 1039 bonis
357 975 499 1059 propriis
524 980 558 1039 et
582 974 757 1042 stabilibus
782 977 966 1042 residentiis
985 1001 1058 1043 cum
1074 979 1168 1044 sociis
1185 979 1247 1043 eie-

111 1086 184 1145 ctus
209 1081 327 1166 fuerat,
343 1081 565 1147 defendendae
590 1083 741 1167 propriae
765 1083 959 1150 residentiae
985 1107 1083 1151 causa
1099 1092 1132 1151 et
1148 1087 1247 1150 inter-

110 1189 318 1255 venientibus
335 1191 433 1256 etiam
460 1191 732 1256 commendatitiis
757 1193 949 1257 serenissimi
969 1194 1124 1278 principis
1142 1200 1175 1259 et
1191 1194 1247 1259 do·

108 1296 190 1360 mini
206 1296 330 1363 domini
356 1297 504 1363 Mathiae
532 1298 714 1364 archiducis
738 1296 897 1364 Austriae
922 1306 982 1365 etc.
998 1302 1090 1366 iuxta
1105 1306 1247 1367 mentem

109 1426 224 1470 sacrae
240 1427 410 1471 caesareae
426 1406 613 1472 Maiestatis
637 1409 804 1493 emanatis,
830 1429 940 1473 coram
957 1408 1096 1474 statibus
1113 1414 1147 1474 et
1162 1409 1246 1474 ordi·

108 1514 208 1580 nibus
223 1517 315 1599 regni
339 1515 434 1580 huius
460 1516 493 1580 in
519 1516 640 1601 templo
666 1513 868 1582 Arianorum
892 1516 935 1582 ad
960 1517 1093 1600 longum
1109 1517 1243 1582 auditus

11 1658 13 1661 ·
112 1623 237 1705 luisset,
262 1625 376 1707 suique
402 1623 560 1689 adventus
592 1646 723 1690 causam
752 1626 980 1709 innocentiam,
1000 1626 1168 1692 doctrinae
1194 1647 1244 1690 re·

109 1733 253 1816 ritatem,
268 1753 458 1815 morumque
482 1732 703 1816 integritatem
729 1733 857 1799 abunde
883 1733 1135 1799 demonstrando
1155 1735 1245 1798 iusti·

53 1914 57 1919 ,
109 1841 192 1906 tiam
208 1840 425 1924 implorasset
450 1847 484 1905 et
500 1841 527 1904 si
543 1841 600 1924 qui
616 1847 724 1906 essent
740 1841 798 1925 qui
823 1839 873 1906 his
891 1842 1092 1907 contrarium
1108 1846 1177 1905 tum
1194 1862 1244 1905 ra-

110 1948 256 2014 tionibus
281 1955 351 2014 tum
377 1948 456 2013 rivis
481 1948 619 2014 testibus
644 1948 807 2032 docerent,
831 1948 962 2033 prodire
997 1947 1185 2032 flagitasset,
1211 1947 1246 2011 id

109 2059 283 2141 ipsumque
308 2078 367 2122 nos
391 2079 502 2123 omncs
529 2056 682 2123 catholici
707 2057 749 2122 ab
774 2057 968 2123 adversariis
993 2062 1109 2122 contra
1134 2062 1244 2140 patres

108 2167 275 2231 societatis
299 2172 413 2233 mutua
438 2172 567 2232 tantum
593 2167 832 2251 conspiratione
857 2167 958 2231 unitis
983 2165 1247 2264 postulassemus,

110 2273 201 2357 quod
218 2274 370 2339 videlicet
387 2275 420 2339 in
437 2274 525 2339 dicta
541 2273 747 2340 causanullis
758 2274 897 2340 testibus
908 2274 1055 2356 convicti,
1072 2295 1089 2337 e
1105 2275 1246 2357 propriis

108 2382 240 2447 sedibus
258 2389 291 2448 et
307 2381 400 2449 bonis
428 2388 539 2468 patres
564 2385 730 2449 societatis
755 2406 819 2449 non
841 2383 936 2449 modo
953 2405 1017 2448 non
1033 2382 1245 2448 exturbaren-

109 2498 172 2573 tur,
190 2513 301 2556 verum
317 2497 432 2557 contra
457 2513 584 2557 omnem
605 2492 804 2576 aequitatem
821 2515 841 2557 a
857 2492 1060 2558 serenissimo
1077 2489 1243 2575 Stephano

106 2597 246 2665 Bolskai
263 2600 358 2666 eiecti
375 2600 441 2666 suis
457 2600 537 2666 locis
554 2599 680 2665 iuribus
697 2607 730 2665 et
755 2599 865 2665 liberis
882 2598 1063 2666 catholicae
1079 2598 1245 2682 religionis

107 2709 273 2774 exercitiis
290 2708 556 2789 restituerentur3
572 2708 628 2773 ubi
645 2707 823 2774 adversarii
839 2730 873 2774 se
889 2730 1020 2774 causam
1037 2708 1243 2792 desperatam

107 2818 202 2900 tueri,
219 2838 279 2881 nec
306 2817 488 2882 rationibus
513 2823 571 2882 aut
596 2817 762 2900 aequitate
789 2816 955 2900 quidpiam
981 2818 1136 2901 consequi
1152 2839 1244 2901 posse

107 2922 420 3007 animadvertissent,
437 2923 603 2990 obstinata
628 2923 809 3008 pertinacia
824 2930 857 2990 et
873 2924 1086 2989 tumultuario
1103 2925 1245 2991 clamore

106 3034 140 3098 in
158 3032 192 3097 id
208 3033 453 3116 consensissent,
470 3039 508 3098 ut
523 3039 633 3118 patres
649 3033 812 3099 societatis
837 3054 876 3098 ex
893 3033 954 3098 hac
970 3033 1139 3118 provincia
1154 3034 1242 3116 peni·

106 3147 159 3207 tus
184 3141 451 3222 eliminarentur3
467 3142 520 3207 cui
544 3141 724 3207 sententiae
758 3142 808 3206 uti
834 3147 949 3206 contra
982 3141 1182 3224 aequitatem
1210 3149 1244 3206 et

109 3270 311 3316 communem
336 3249 506 3332 iustitiam,
532 3271 615 3334 quac
640 3273 699 3316 sua
722 3250 839 3333 cuique
855 3247 947 3313 reddi
973 3270 1033 3313 nec
1049 3269 1243 3332 quemquam

112 3357 294 3423 inauditum
316 3379 379 3424 non
406 3357 588 3424 convictum
614 3379 678 3423 non
695 3357 929 3422 sententiatum
946 3355 1094 3422 damnari
1113 3377 1171 3421 suo
1187 3378 1245 3439 po·

109 3466 213 3531 stulat
246 3465 326 3548 iure,
353 3463 556 3530 subscribere
580 3463 668 3530 haud
693 3465 874 3548 potuimns;
906 3485 1016 3529 verum
1032 3463 1161 3529 nomine
1177 3484 1243 3527 om-

106 3575 196 3639 nium
212 3580 360 3639 nostrum
376 3579 444 3638 tam
460 3573 681 3656 praesentium
691 3595 788 3656 quam
805 3572 989 3639 absentium
1005 3570 1241 3637 catholicorum

106 3681 245 3748 fratrum
261 3687 446 3748 nostrorum
463 3701 747 3766 successorumque
763 3687 950 3747 nostrorum
975 3678 1015 3744 de
1031 3679 1093 3744 hac
1108 3677 1243 3761 indigna

106 3790 254 3856 inaudita
269 3789 457 3874 iuribusque
474 3790 564 3874 regni
575 3791 740 3856 contraria
756 3790 918 3855 sententia
933 3788 967 3853 in
982 3787 1114 3872 publica
1130 3786 1241 3852 diaeta

106 3905 173 3964 tam
200 3920 310 3965 coram
336 3899 494 3964 universis
521 3899 692 3964 contrariis
724 3898 864 3965 statibus
891 3904 924 3962 et
948 3895 1116 3961 ordinibus
1140 3896 1241 3979 regni,

106 4029 203 4091 quam
219 4029 329 4075 coram
354 4008 492 4093 ipsomet
517 4008 670 4075 moderno
697 4007 916 4073 illustrissimo
942 4005 1071 4070 domino
1096 4004 1242 4088 principe

106 4115 314 4201 Sigismundo
340 4115 491 4201 Rakoczy
516 4116 743 4199 adiunctisque
760 4114 952 4181 consiliariis
978 4112 1121 4180 eiusdem
1137 4111 1240 4177 solcu-

106 4225 191 4289 niter
216 4225 391 4309 protestati
417 4224 521 4289 eidem
547 4223 811 4306 contradiximus,
837 4243 1003 4306 nunquam
1023 4220 1098 4285 huic
1116 4228 1241 4286 senten·

109 4332 174 4398 tiae
208 4339 340 4417 patrum
365 4331 531 4398 societatis
565 4332 649 4397 Jesu
682 4332 840 4415 eiectioni,
875 4330 1034 4396 bonorum
1058 4329 1241 4412 iuriumque

111 4441 285 4506 eorundem
310 4440 544 4507 abalienationi
570 4440 752 4505 consentire
777 4439 937 4521 volentes3
966 4437 1126 4521 siquidem
1145 4459 1165 4502 a
1181 4437 1242 4521 piis

109 4547 326 4632 legitimisque
351 4548 448 4613 huius
473 4547 565 4631 regni
590 4547 790 4632 principibus
806 4546 1015 4613 fundationes
1034 4568 1118 4629 suas,
1143 4546 1239 4629 privi·

107 4656 191 4741 legia
207 4680 268 4724 sua
284 4657 586 4724 confirmationesm
611 4656 765 4739 habeant,
790 4676 897 4740 neque
922 4655 1060 4721 alicuius
1080 4655 1131 4719 vel
1146 4654 1239 4718 levis-

107 4765 174 4831 simi
190 4767 345 4850 criminis,
362 4771 398 4831 ut
415 4785 453 4832 ea
470 4765 510 4830 de
536 4766 606 4829 iure
623 4767 774 4831 amittere
790 4765 981 4848 potuissent,
1006 4784 1149 4846 unquam
1167 4783 1240 4825 con-

1076 4889 1126 4938 aa*
