3042 5404
316 471 379 538 180
685 485 805 538 santam
823 482 1075 538 cessissemusne.

313 661 371 718 aut
395 651 579 740 ei(animos
604 657 748 738 gentium
773 661 810 720 ut
828 652 889 719 sibi
914 653 1128 741 devincirent)
1154 677 1250 740 quem
1266 676 1432 722 consensus

313 763 480 846 popularis
503 763 607 848 magis
631 763 838 848 reposcebat3
864 765 910 830 sic
934 765 1054 830 etenim
1081 785 1192 830 comm
1217 765 1394 830 amicitiam
1408 773 1437 830 et

314 867 411 934 fidem
427 869 488 936 sibi
497 869 661 954 parabant
671 879 704 936 et
713 872 884 956 imperium
893 872 1079 938 Romanum
1088 870 1131 937 ab
1146 872 1290 938 extemis
1305 872 1437 938 hostium

313 977 548 1061 irruptionibus
572 980 676 1045 tutius
701 979 890 1064 reddebant,
915 979 1168 1064 necessitatique
1194 987 1228 1045 et
1245 981 1382 1064 tempori
1396 982 1437 1045 in·

315 1087 492 1152 servientes
517 1088 675 1154 maximos
699 1087 761 1154 sibi
785 1088 925 1154 honores
949 1095 1182 1172 compararunt
1208 1110 1248 1153 ex
1273 1088 1437 1154 donatione

314 1215 425 1261 samm
450 1217 559 1261 rerum
585 1217 666 1281 quas
689 1195 865 1262 difficulter
889 1195 950 1263 sibi
975 1197 1115 1262 retinere
1139 1198 1333 1281 potuissent
1357 1193 1439 1262 SatIs

312 1305 424 1388 itaque
448 1304 510 1370 hac
535 1305 662 1370 ratione
678 1305 861 1372 consultum
885 1326 954 1371 esse
971 1305 1106 1388 videtur,
1122 1305 1265 1374 Vestrae
1282 1307 1437 1371 existima·

314 1412 414 1477 tionis
429 1411 601 1478 Maiestati
616 1413 759 1498 potuisse
775 1435 816 1479 ex
831 1414 894 1480 hac
907 1414 1074 1498 provincia
1090 1412 1250 1497 deponere
1266 1414 1436 1499 principem
1516 1447 1518 1454 ⁴

314 1520 518 1604 alterumque
533 1521 597 1605 ipsi
620 1521 814 1606 praefecisse
839 1529 872 1587 et
888 1521 1024 1587 eandem
1040 1523 1088 1586 ita
1104 1521 1243 1589 Vestrae
1258 1520 1437 1588 Maiestatis

315 1629 450 1711 immrio
475 1627 658 1712 subiecisse,
683 1634 721 1694 ut
745 1630 890 1714 potuerit
914 1630 1019 1714 ipsam
1044 1628 1191 1695 funditus
1216 1636 1368 1713 evertere,
1382 1631 1437 1695 nisi

279 1772 284 1785 ν
315 1736 506 1801 clementiae
521 1737 574 1803 via
589 1737 796 1821 paratissimo
812 1739 920 1804 animo
936 1738 1039 1805 victor
1060 1759 1172 1804 caesar
1186 1739 1377 1805 incessisset

420 1859 533 1948 Atque
542 1861 623 1927 haec
643 1861 732 1927 dicta
747 1863 812 1928 sint
827 1864 862 1928 iu
877 1863 1018 1947 gratiam
1034 1863 1198 1948 simplicis,
1213 1863 1318 1930 fidelis
1334 1873 1436 1930 temen

312 1971 551 2054 propositionis,
566 1991 631 2036 non
647 1977 684 2036 nt
700 1967 871 2036 Maiestati
886 1971 1027 2040 Vestrae
1043 1973 1210 2038 consultor
1225 1972 1307 2038 haec
1323 1971 1434 2039 scribe

313 2097 392 2143 rem.
407 2077 516 2144 Albae
532 2077 644 2143 Juliae
662 2083 691 2144 3.
706 2077 864 2144 kalendas
880 2077 906 2144 J
907 2081 1061 2146 annarias
1080 2085 1174 2147 1602.

417 2233 550 2288 Hdtirot:
574 2231 728 2286 Discursus
753 2237 782 2286 et
806 2231 1014 2303 propositiones
1040 2232 1145 2288 domini
1166 2232 1271 2290 Baetae
1287 2233 1362 2288 circa
1376 2251 1433 2304 pro

312 2321 434 2378 vinciam
450 2321 680 2394 Transylvaniae
695 2321 788 2376 factae
804 2322 835 2376 in
850 2321 927 2376 Alba
942 2321 1021 2378 Julia
1044 2323 1136 2379 1602.

418 2484 530 2555 Jegyaet.
546 2482 574 2538 A
589 2483 675 2552 kelet,
690 2483 837 2554 hibetdleg
861 2499 878 2536 a
902 2480 1010 2538 masold
1034 2479 1133 2554 hibdja
1149 2483 1239 2552 miatt,
1255 2481 1345 2542 tdves.
1361 2483 1436 2539 XIII.

310 2574 449 2629 kalendas
472 2573 626 2629 danuarias
652 2574 736 2630 1603
763 2573 882 2646 helyett.
906 2571 995 2643 Maga
1010 2570 1100 2627 Bdsts
1125 2590 1180 2645 egy
1205 2571 1325 2628 kdso'bbi
1341 2570 1436 2630 levald-

312 2667 368 2719 ben
380 2665 456 2722 doaz.
468 2663 555 2720 28=ra
564 2664 635 2719 teani
652 2661 749 2720 keltet.
766 2662 898 2736 Ugyanis
914 2679 949 2718 aa
965 2663 1043 2718 olasz
1059 2659 1245 2734 pdlddnyban
1266 2664 1349 2720 1602
1366 2666 1437 2719 deca.

313 2755 364 2811 20.
381 2753 421 2809 tll
439 2753 510 2811 mint
525 2753 625 2809 kelets
641 2770 674 2808 ea
690 2752 889 2808 afenebbinek
899 2751 966 2807 felel
982 2769 1054 2822 meg.
1071 2750 1205 2808 Olasabdl
1221 2771 1374 2826 magyarra
1388 2754 1436 2808 sor

312 2845 393 2901 ditva
408 2843 632 2915 marmegjelent
650 2860 748 2917 ugyau
763 2861 782 2899 a
797 2841 945 2898 Sadzadok
965 2843 1103 2896 laea-iti
1120 2843 1247 2914 folyama
1264 2845 1328 2899 553
1347 2845 1435 2898 skdv.

312 2934 341 2990 Il.
358 2937 489 2990 aconban
505 2933 572 3006 igen
588 2931 724 3006 ldnyeges
740 2932 943 2990 variansokkal
959 2929 989 2988 ds
1006 2931 1259 2990 mddositdsokkal.

512 3079 656 3150 (Egykorai
670 3079 726 3132 irat
740 3097 759 3132 a
774 3078 844 3132 driusi
858 3097 892 3132 cs.
910 3078 937 3131 da
950 3077 976 3130 lc.
993 3076 1041 3130 dd.
1059 3073 1243 3145 lmdltdrdaa.)

782 3317 966 3385 XXXIX.

750 3465 844 3528 1603.
857 3464 870 3547 j
882 3485 942 3529 an.
961 3465 1012 3528 19.

856 3606 895 3691 a)

535 3763 576 3818 Aa
590 3761 726 3831 Erddlpbc
739 3761 844 3816 audeo
858 3761 1092 3816 mmndsumvssok
1106 3761 1218 3816 headda

416 3895 646 3965 sacratissima
656 3917 737 3963 caes.
756 3917 822 3980 reg.
837 3893 997 3962 Maiestas
1012 3894 1161 3962 dominns
1176 3901 1288 3962 noster
1303 3895 1438 3962 clemen-

309 4006 452 4073 tissimus
468 4004 511 4070 ad
535 4025 601 4087 vos,
616 4003 794 4088 reverendi,
810 4002 981 4088 magnifici,
1000 4005 1121 4088 egregii
1138 4009 1171 4068 et
1186 4003 1322 4086 nobiles,
1339 4009 1438 4068 caete·

307 4115 401 4198 rique
409 4113 552 4197 partium
561 4113 652 4196 regni
669 4111 964 4196 Transylvanarum
980 4117 1086 4176 status
1102 4116 1136 4176 et
1150 4109 1291 4194 ordines,
1308 4111 1438 4176 clemen·

306 4223 430 4288 tissime
439 4243 498 4288 nos
508 4221 680 4306 ablegavit,
685 4219 840 4302 vobisque
850 4218 999 4284 omnibus
1010 4225 1043 4284 et
1052 4219 1187 4301 singulis
1198 4219 1339 4302 gratiam
1349 4240 1435 4284 snam

308 4351 493 4399 caesaream
501 4329 718 4415 precatur,uti
728 4349 768 4392 cx
776 4326 865 4392 hisce
876 4325 1129 4393 credentialibus
1138 4325 1339 4409 intelligetis,
1346 4333 1438 4410 atque

308 4439 350 4505 ad
361 4439 504 4504 animum
512 4437 603 4504 vobis
612 4456 765 4502 revocare
780 4435 876 4501 iussit
890 4434 990 4518 idque
1005 4434 1166 4500 neminem
1182 4439 1324 4499 vestrum
1341 4435 1439 4501 latere

307 4553 417 4633 potest
426 4553 484 4613 aut
492 4545 597 4629 debet,
608 4544 749 4609 divinam
758 4542 1002 4626 benignitatem,
1012 4541 1156 4625 antiquis
1163 4540 1289 4606 iuribus
1299 4540 1439 4625 legitime

308 4652 515 4722 amaioribns
525 4653 695 4738 devolutis,
714 4672 753 4716 ac
761 4651 856 4716 iustis
865 4651 1026 4734 rectisque
1042 4671 1120 4715 suae
1136 4649 1325 4714 Maiestatis
1341 4649 1438 4733 pactis
1517 4733 1518 4744 ,
