3030 5416
291 420 356 484 246
668 429 787 478 nundum
803 427 1056 479 ouszloeritndsnr.
1079 491 1082 494 Ι

292 599 410 683 quibus
420 597 454 663 in
469 617 538 664 rem
553 599 700 662 nostram
716 595 960 680 consuluerunt,
975 617 1054 662 neve
1070 595 1127 662 alii
1142 597 1203 662 tali
1220 595 1372 680 exemplo
1388 593 1430 659 ab

290 705 446 774 eiusmodi
461 704 758 790 significationibus,
775 727 857 790 quas
872 707 906 772 in
922 704 1125 772 commodum
1139 711 1287 772 nostrum
1302 703 1427 771 facturi

294 821 410 898 essent,
426 813 681 880 absterreantur.
787 827 789 832 '

400 921 583 989 Statuimus
610 943 746 1006 quoque,
770 929 808 988 ut
832 943 939 1007 neque
963 923 1118 1006 magister
1142 923 1305 988 rationum
1322 942 1433 1005 neque

294 1032 488 1098 secretarius
504 1053 608 1114 neque
623 1038 796 1116 perceptor
810 1053 921 1098 vocem
936 1033 970 1096 in
986 1032 1122 1098 oonsilio
1138 1029 1269 1116 habeat,
1285 1031 1346 1096 sed
1356 1029 1428 1095 fun-

295 1145 391 1226 gatur
416 1137 524 1206 officio
540 1141 677 1223 quisque
693 1161 751 1206 suo
768 1145 866 1206 recte.

403 1245 590 1314 Attendent
613 1255 723 1314 autem
748 1248 889 1315 director
915 1255 948 1316 et
973 1249 1152 1315 consiliarii
1168 1249 1274 1314 nostri
1290 1248 1429 1331 diligen·

296 1366 356 1442 ter,
365 1365 404 1424 ut
413 1358 516 1442 magis
526 1357 630 1422 ardua
645 1363 678 1422 et
693 1360 877 1424 necessaria
891 1361 1032 1443 negotia,
1048 1379 1132 1444 quae
1148 1359 1218 1424 sine
1235 1358 1432 1424 detrimento

26 1443 69 1460 κ’
184 1557 185 1560 ¹
296 1467 419 1534 differri
444 1472 619 1552 nequeunt,
634 1467 741 1552 primo
756 1467 829 1532 loco
846 1473 879 1534 et
894 1472 972 1533 ante
987 1468 1097 1533 omnia
1112 1467 1180 1532 alia
1194 1471 1431 1552 proponantur,
1492 1521 1498 1528 .

297 1579 331 1644 in
351 1575 486 1642 consilio
502 1579 687 1640 tractentur
704 1581 746 1658 et,
762 1576 789 1640 si
806 1597 887 1660 opus
904 1577 974 1659 erit,
991 1574 1214 1659 expediantur.

406 1682 532 1750 Teneat
558 1684 657 1748 etiam
676 1683 819 1750 director
839 1683 1024 1767 caeterique
1040 1683 1218 1748 consiliarii
1236 1703 1308 1747 cam
1321 1680 1432 1746 mode-

300 1793 470 1876 rationem,
480 1793 507 1856 si
520 1791 605 1858 forte
614 1793 779 1858 nonnullis
796 1815 836 1858 ex
851 1793 984 1858 illorum
998 1813 1132 1858 numero
1149 1791 1340 1857 absentibus
1354 1789 1431 1854 inci·

301 1901 416 1966 derant
439 1901 571 1984 negotia
586 1901 744 1984 graviora,
761 1923 844 1986 quae
860 1923 880 1966 a
894 1901 1008 1986 paucis
1023 1900 1251 1985 praesentibus
1266 1903 1357 1963 recte
1367 1895 1433 1980 geri

302 2014 336 2074 et
361 2008 505 2092 expediri
530 2028 594 2074 nou
613 2015 752 2094 possent,
769 2017 807 2076 ut
822 2031 870 2094 ea,
886 2009 989 2075 donec
1004 2009 1124 2092 reliqui
1140 2028 1271 2092 quoque
1287 2005 1431 2072 conveni-

302 2123 368 2200 ant,
394 2113 594 2200 differantur,
620 2117 655 2184 in
675 2123 834 2202 quantum
851 2123 959 2184 tamen
976 2139 1015 2182 ea
1030 2119 1100 2182 sine
1116 2117 1234 2182 damno
1250 2121 1361 2181 nostro
1378 2118 1434 2178 aut

302 2226 441 2293 aliorum
451 2247 587 2310 quorum
603 2227 742 2292 interest
758 2224 881 2293 differri
895 2229 1063 2311 potuerint
1072 2233 1106 2292 et
1114 2226 1309 2292 secretarius
1324 2227 1360 2290 in
1373 2223 1434 2286 hoc

303 2355 422 2418 genere
439 2333 613 2400 arduorum
629 2337 842 2419 negotiorum,
866 2341 946 2420 quot
962 2343 996 2402 et
1011 2337 1067 2420 qui
1083 2335 1261 2401 consiliarii
1279 2328 1433 2398 eiusmodi

195 2481 199 2486 ·
304 2440 531 2508 deliberationi
561 2443 787 2529 interfuerunt,
817 2467 957 2512 unacum
989 2445 1157 2512 sententiis
1182 2464 1295 2509 eorum
1310 2443 1345 2507 in
1362 2441 1433 2504 acte

304 2545 425 2614 referre
441 2569 480 2616 ac
494 2557 652 2618 annotare
668 2552 773 2618 debet.

414 2653 507 2740 Quae
530 2679 606 2726 vero
632 2659 786 2727 directuri
803 2665 918 2727 nostro
935 2660 1082 2727 curanda
1098 2663 1132 2724 ot
1147 2657 1351 2724 obseruanda
1367 2660 1432 2719 tum

305 2767 340 2831 in
370 2766 421 2831 his
446 2767 652 2851 iniungimus,
683 2775 752 2836 tum
776 2772 810 2836 in
835 2769 1044 2855 sequentibus
1068 2768 1246 2834 iuiuncturi
1263 2785 1382 2847 sumus,
1397 2781 1433 2826 ea

290 2875 377 2958 ipsa
401 2896 540 2960 quoque,
564 2877 591 2941 si
611 2897 684 2942 eum
703 2879 745 2944 ad
761 2879 827 2944 alia
841 2879 916 2945 loca
930 2880 978 2944 ire
994 2883 1027 2943 et
1042 2899 1063 2942 a
1078 2877 1214 2942 consilio
1231 2873 1346 2940 abesse
1363 2891 1432 2937 con·

306 2983 427 3067 tigerit,
458 2984 488 3048 ei
519 2985 702 3052 committet
726 2986 878 3070 curanda,
904 2988 1019 3071 quiin
1044 2983 1156 3051 ordine
1177 2981 1430 3050 consiliariorum

307 3097 382 3176 post
392 3093 615 3176 cumprimum
625 3093 731 3160 locum
742 3094 877 3179 obtinet,
893 3100 931 3160 ut
945 3095 1016 3180 ipso
1033 3092 1166 3158 absente
1183 3091 1279 3156 simul
1296 3095 1328 3154 et
1342 3105 1431 3174 prae·

309 3206 400 3266 sente
425 3206 514 3266 recte
539 3203 648 3268 omnia
673 3207 835 3287 gerantur,
851 3223 912 3268 nec
927 3202 1101 3286 quicquam
1115 3200 1184 3265 ullo
1199 3204 1346 3282 tempore
1362 3215 1432 3277 neg·

309 3308 433 3394 ligatur
462 3310 497 3375 in
527 3309 587 3395 his,
618 3333 702 3395 quae
734 3312 776 3378 ad
805 3311 1024 3395 promovenda
1054 3308 1225 3376 commoda
1248 3313 1283 3372 et
1298 3303 1433 3373 arcenda

309 3417 513 3484 incommoda
522 3423 636 3484 nostra
654 3418 761 3486 facere
776 3419 978 3486 ridebuntur.

420 3525 472 3594 Sit
488 3530 598 3592 autem
613 3526 783 3592 directoris
798 3527 904 3593 nostri
920 3533 953 3592 et
963 3524 1221 3593 consiliariorum
1230 3526 1336 3610 prima
1354 3539 1433 3600 cura,

311 3639 350 3700 ut
374 3639 498 3719 quanta
513 3635 654 3702 maxima
673 3641 811 3720 possunt
827 3635 996 3720 diligentia
1006 3637 1170 3720 ingruant,
1186 3655 1270 3718 quae
1286 3634 1353 3699 sint
1367 3647 1433 3716 pro

312 3743 437 3809 vinciae
456 3744 551 3810 istius
576 3745 708 3828 regalia,
724 3749 899 3828 proventus
915 3744 1080 3826 ordinarii,
1097 3764 1181 3828 quae
1196 3741 1283 3807 bona
1297 3741 1350 3806 vel
1364 3755 1431 3824 pro·

312 3851 493 3934 viduatus,
518 3871 602 3934 quae
626 3851 804 3934 commoda,
829 3873 913 3934 quac
937 3852 1018 3932 iura,
1044 3852 1100 3934 qui
1117 3871 1239 3934 census,
1256 3871 1341 3932 quae
1357 3843 1433 3912 deoi-

312 3978 394 4039 mao‚
419 3979 502 4041 quae
527 3958 657 4037 telonia,
682 3981 766 4044 quae
790 3960 981 4043 tricesimae,
998 3981 1083 4043 quas
1098 3959 1249 4040 minorae,
1266 3979 1350 4042 quae
1365 3951 1433 4020 salis

314 4063 453 4148 fodinae,
464 4086 548 4148 quae
558 4075 705 4133 cementa
720 4073 753 4133 et
763 4089 840 4134 usus
848 4069 1030 4152 monetarii,
1045 4068 1125 4132 item
1141 4068 1295 4150 civitates,
1312 4060 1433 4150 oppida,

315 4193 407 4239 arces
431 4173 535 4240 aliave
559 4175 632 4242 loca
656 4175 742 4242 inter
765 4177 940 4242 cameralia
953 4176 1157 4244 recendenda
1171 4175 1223 4242 vel
1237 4169 1434 4260 pertinentia

316 4279 474 4348 Similiter
499 4288 533 4348 et
557 4285 613 4368 qui
639 4285 706 4351 sint
730 4286 980 4352 extraordinarii
1006 4290 1039 4351 et
1063 4284 1235 4352 accessorii
1260 4283 1433 4366 proventus,

316 4390 604 4474 contributionum,
615 4391 769 4478 dicarum,
780 4392 1054 4479 confiscationum,
1064 4397 1330 4477 recuperatorum
1345 4389 1434 4456 bono·

316 4519 398 4581 rum,
424 4497 608 4566 Siculorum
632 4523 693 4585 pro
716 4501 871 4568 libertato
897 4501 1048 4568 donanda
1063 4523 1171 4568 annua
1187 4500 1333 4583 collecta,
1350 4501 1434 4563 etse

318 4607 406 4679 dium
423 4605 666 4676 Saxonicalium
684 4631 743 4696 pro
760 4610 914 4680 tollendis
929 4612 964 4676 in
979 4611 1136 4698 principis
1152 4613 1186 4678 et
1200 4608 1358 4679 nobilium
1371 4605 1433 4672 hoa
