3042 5404
509 501 603 560 loos.
619 521 696 558 naor.
716 501 766 559 18.
1139 501 1201 562 167

85 673 139 739 tati
147 695 202 758 pro
218 673 355 759 pecnnia
369 673 527 740 molestus
542 672 649 756 tuerit,
680 673 754 740 aliis
769 673 905 740 infinitis
921 677 1045 761 rapinis
1061 682 1094 743 et
1109 699 1202 762 prae·

86 780 128 847 dis
142 781 254 848 tacitis.

176 889 295 974 Itaque
324 887 403 956 hinc
432 890 531 956 etiam
554 889 705 975 princeps
731 887 994 956 Transsilvaniae
1018 891 1135 958 hahuit
1159 891 1202 958 ad

82 999 209 1066 ducenta
232 998 424 1065 tallerorum
439 998 551 1082 millia,
579 999 664 1066 citra
678 1019 811 1065 suorum
826 997 1030 1066 subditorum
1046 995 1199 1066 offensam

81 1113 108 1173 et
120 1127 301 1193 gravamen.

174 1214 510 1302 Temporevsrohelli
526 1215 780 1284 contrihoebant
793 1215 942 1301 libenter,
959 1237 999 1284 ex
1015 1217 1119 1302 portis
1135 1217 1198 1284 sin·

78 1325 153 1408 gulis
178 1329 245 1390 tres
269 1331 329 1392 aut
353 1329 496 1409 quatuor
520 1323 664 1408 talleros‚
689 1323 809 1392 milites
834 1347 964 1411 quoque
988 1331 1141 1408 armatos,
1160 1347 1200 1391 ex

78 1431 178 1498 decem
202 1433 353 1500 domibus
377 1453 477 1499 unum
502 1433 644 1517 equitem
670 1437 762 1500 etex
777 1435 915 1520 singulis
930 1433 1036 1501 trihus
1052 1431 1199 1500 domibus

77 1559 167 1605 nnnm
175 1541 325 1626 peditem,
341 1541 393 1608 vel
408 1541 436 1607 si
452 1541 628 1608 necessitas
643 1545 738 1608 anu
752 1541 823 1626 fuit,
839 1541 958 1609 viritim
975 1563 1086 1610 omnes
1101 1563 1200 1628 penes

78 1647 207 1715 edutom
222 1649 351 1735 patriae
367 1655 401 1716 et
415 1649 573 1734 principis
588 1649 769 1734 insurgunt

173 1772 230 1842 Ad
261 1781 371 1843 castra
401 1773 613 1843 sufficientem
644 1779 858 1843 commeatum
890 1781 957 1842 tam
983 1775 1017 1842 in
1032 1773 1200 1862 provincia

74 1903 165 1966 quam
174 1889 266 1950 extra
274 1883 475 1971 provinciam
491 1889 581 1952 certo
597 1889 706 1951 tamen
721 1883 771 1951 illi
785 1885 892 1970 pretio
907 1889 942 1952 et
956 1883 1019 1952 levi
1036 1883 1198 1980 cencium,

76 1991 257 2059 convehunt

172 2117 344 2204 Religione
368 2125 445 2186 sunt
467 2117 535 2186 sere
560 2137 671 2185 omnes
695 2117 817 2184 amiani
841 2121 876 2184 et
906 2117 1101 2186 calvinistae.
1132 2114 1197 2202 Qui

74 2223 131 2292 hoc
139 2229 282 2312 tempore
292 2229 373 2314 ipsis
388 2227 490 2313 fatali,
505 2227 662 2295 facillimo
676 2225 810 2312 negocio
824 2225 859 2292 in
874 2223 971 2292 fidem
986 2223 1099 2292 reduci
1107 2231 1197 2310 pote·
1337 2291 1341 2303 ,

74 2333 141 2400 rint.
155 2333 231 2402 Hac
245 2336 319 2402 via:

1 2551 2 2554 Ἴ
173 2459 241 2530 Sua
257 2463 412 2528 maiestas
429 2460 560 2526 simulet
589 2479 624 2526 se
639 2457 803 2526 difficilem
818 2461 852 2526 in
868 2459 976 2544 gratia
990 2459 1070 2544 ipsis
1085 2479 1198 2526 conce·

73 2567 181 2634 denda.
205 2567 412 2636 claudantur
427 2589 537 2636 omnes
553 2569 709 2635 ecclesiae
724 2567 950 2652 Armanorum,
966 2573 1000 2634 et
1015 2567 1076 2635 suh
1091 2589 1198 2654 poena

1 2685 2 2688 ’
74 2677 226 2761 capitino
252 2677 415 2744 cathomis
440 2677 684 2744 concionatores
707 2673 845 2744 Arriani
869 2683 1051 2744 arceantur.
1077 2673 1113 2744 Si
1138 2679 1195 2762 qui

72 2783 226 2852 faciliores
249 2785 380 2870 suerint,
404 2785 439 2850 in
464 2785 604 2868 gratiam
628 2783 756 2852 facilins
771 2785 996 2853 admittantur.
1012 2784 1196 2854 Severiores

73 2900 176 2960 sutem
191 2895 303 2961 durius
319 2893 532 2980 excipiantur.

171 3020 265 3090 Bona
289 3027 323 3087 et
337 3021 485 3088 redditus
500 3020 677 3088 abalienati
692 3021 786 3088 iuxta
801 3021 938 3106 antiqua
952 3020 1095 3106 nrbarin,
1111 3042 1195 3105 quae

71 3130 184 3213 passim
207 3130 241 3196 in
267 3129 511 3198 Transsilvania
534 3129 745 3214 invenientur,
771 3127 901 3197 arcibus
916 3149 993 3196 suae
1008 3127 1195 3197 Maiestatis

72 3239 278 3324 applicentur.

171 3365 326 3432 Decimae
357 3365 508 3432 similiter
538 3365 742 3432 armenorum
773 3365 808 3432 in
838 3365 1008 3450 antiquum
1048 3363 1195 3433 ordinem

71 3481 263 3558 revocentur,
278 3494 390 3542 omnes
405 3474 550 3560 ipsorum
565 3481 751 3560 proventus,
767 3495 849 3559 quos
864 3475 1025 3560 principes
1041 3471 1195 3541 catholici

72 3601 107 3646 ex
121 3582 301 3648 iuramento
318 3581 384 3648 illis
400 3581 632 3650 administrare
647 3581 820 3667 debebant,
836 3581 1077 3650 abscindantur.

170 3685 317 3770 Articuli¹
330 3709 443 3756 omnes
457 3691 492 3756 in
508 3691 653 3776 ipsorum
668 3689 810 3759 favorem
827 3692 904 3760 olim
921 3689 1043 3759 conditi
1060 3695 1094 3756 et
1108 3691 1195 3776 prin·

74 3799 172 3883 cipum
186 3799 377 3866 iuramentis
392 3797 513 3866 firmati
538 3799 772 3866 rescindantur.

171 3905 258 3992 Quin
277 3929 338 3994 ego
354 3908 400 3974 sic
425 3907 575 3977 existimo
600 3909 671 3976 sola
689 3930 766 3976 suae
791 3895 972 3976 maiestatis
988 3907 1049 3975 sub
1064 3907 1194 3974 nomine

72 4015 289 4084 exhortatione
314 4021 348 4082 et
371 4013 527 4082 mandato
546 4015 580 4082 id
595 4015 665 4082 fieri
681 4037 784 4101 posse,
801 4017 828 4082 si
845 4016 966 4084 domini
984 4016 1195 4082 commissarii

73 4121 184 4190 tuerint
203 4123 384 4208 diligentes.
399 4120 518 4207 Neque
535 4123 687 4207 estquod
703 4121 778 4191 hinc
794 4125 930 4192 alicuius
945 4125 1021 4192 novi
1035 4125 1196 4191 tumultus

73 4231 242 4312 periculum
260 4231 442 4298 timeamus.

4 4339 5 4344 ’
171 4339 286 4405 Fracti
310 4339 376 4405 iam
402 4343 479 4404 sunt
504 4337 615 4405 'Porda
630 4343 663 4404 et
677 4335 763 4406 Dess
779 4339 979 4424 amplissima
994 4339 1059 4406 duo
1075 4339 1196 4426 oppida

75 4443 148 4513 duae
172 4448 378 4514 arrianorum
394 4445 495 4528 sedes,
511 4444 657 4512 funditus
672 4447 822 4515 inccndio
838 4447 964 4514 deletae
980 4450 1064 4531 sunt,
1081 4453 1196 4514 etmea

5 4597 6 4602 κ
77 4555 234 4640 sententia,
245 4562 304 4622 eut
319 4576 403 4623 nova
419 4554 547 4621 colonia
562 4555 763 4621 instituenda
787 4560 845 4622 aut
860 4554 990 4644 profugi
1005 4555 1195 4643 pertinacis·

77 4659 138 4728 simi
155 4661 280 4730 armani
297 4659 357 4729 sub
374 4657 559 4729 conditione
575 4660 760 4750 recipiendi.
