3042 5404
324 444 387 504 178
695 453 814 502 sautem
830 452 1081 502 suessoniensem.

1518 515 1520 590 l

314 625 351 684 ut
366 619 493 702 longius
508 617 619 701 hostis,
636 619 663 684 si
679 616 773 682 fortis
798 617 976 700 advenerit,
991 619 1025 682 in
1045 615 1111 681 illis
1126 615 1357 701 recuperandis
1374 615 1445 698 plus
1519 615 1520 630 ³

315 728 469 811 temporis
486 729 642 792 conterat
658 723 854 791 Necessaria
868 726 980 810 itaque
995 723 1199 790 videaturad
1215 723 1313 789 finem
1328 724 1443 789 mensis

316 833 401 900 Maii
417 854 473 898 sex
487 830 1081 918 milliaGermanorumpeditum,t1ia
1095 832 1199 897 millia
1213 831 1444 916 pixidariorum
1518 905 1520 914 Α

317 965 358 1007 ex
373 941 548 1024 Hungaria
573 941 749 1025 superiore,
773 963 839 1006 una
864 962 937 1007 eum
953 941 1049 1008 solito
1075 939 1235 1024 equestris
1250 938 1373 1004 ordinis
1389 939 1443 1003 mi·
1519 947 1520 950 ’

315 1051 375 1118 lite
391 1047 555 1134 Slesiensi,
581 1053 754 1135 postquam
778 1054 921 1135 quatuor
944 1049 1048 1113 millia
1072 1047 1307 1132 pixidariorum
1333 1067 1372 1112 ex
1397 1045 1442 1114 Si·
1519 1115 1520 1118 Ἴ

316 1158 402 1224 oulia
416 1157 702 1242 congregabuntur
718 1164 752 1224 st
766 1158 832 1223 tria
855 1157 958 1223 millia
973 1155 1141 1225 Valaohus
1157 1155 1338 1222 ooudnoere
1353 1159 1442 1239 potu·
1518 1191 1520 1204 .

315 1267 386 1332 erit
402 1264 580 1330 Praeterea
605 1263 646 1331 ob
672 1285 820 1330 annonae
844 1265 1018 1331 caritatem
1042 1263 1086 1330 ad
1106 1269 1155 1330 15.
1187 1265 1266 1330 mill
1282 1283 1441 1330 mensura·
1518 1253 1520 1306 1

316 1393 389 1440 rum
412 1372 567 1440 frumenti
591 1392 630 1438 ex
654 1370 828 1456 Hungaria
853 1373 1018 1457 superiore
1050 1372 1084 1437 in
1109 1371 1315 1440 Varadinum
1339 1377 1442 1436 essent

318 1480 450 1546 omnino
474 1477 700 1561 eonvehenda3
725 1481 810 1546 siout
840 1480 941 1545 etiam
965 1483 1129 1545 tormenta
1159 1477 1280 1544 bellica
1309 1500 1383 1545 oum
1397 1499 1442 1544 re·

316 1588 416 1672 liquis
440 1588 630 1654 necessariis
655 1609 695 1653 ex
720 1585 877 1654 Oassovia
901 1586 1113 1671 exportanda,
1138 1608 1211 1652 aum
1235 1587 1269 1653 in
1294 1593 1366 1654 tota
1380 1587 1441 1652 ista

315 1695 447 1779 regione
463 1695 515 1760 vix
540 1717 597 1760 sax
620 1701 679 1762 ant
703 1699 777 1762 octo
802 1716 842 1760 ex
857 1693 1085 1780 grandioribus
1100 1693 1214 1759 haberi
1229 1695 1363 1779 possint.
1379 1693 1441 1760 Sed
1518 1785 1520 1792 Ι

316 1803 469 1889 quoniam
485 1824 505 1868 a
520 1801 633 1870 multis
647 1824 708 1888 pro
724 1810 813 1870 certo
828 1803 994 1887 asseritur,
1012 1803 1154 1869 Turoam
1170 1801 1231 1870 hoo
1247 1823 1342 1886 anno,
1357 1809 1440 1888 post-

315 1931 415 1996 quam
439 1910 561 1995 optime
586 1908 716 1976 Budam
740 1911 902 1994 munierit,
927 1931 1001 1976 oum
1016 1916 1087 1976 toto
1113 1911 1258 1977 exercitu
1274 1919 1307 1976 et
1322 1910 1438 1976 viribus

317 2019 384 2086 suis
413 2019 448 2084 in
473 2017 760 2104 Transsylvaniam
784 2039 818 2084 se
852 2038 1088 2101 conversurum,
1119 2017 1345 2102 Varadinique
1369 2024 1440 2083 ante

317 2127 426 2194 omnia
440 2132 645 2192 tentaturum
669 2127 949 2210 expugnationem,
974 2133 1045 2192 turn
1059 2133 1096 2192 ut
1121 2133 1249 2192 nostros
1265 2146 1364 2210 quam
1378 2147 1441 2190 ma·

316 2237 401 2302 xime
416 2255 437 2298 a
452 2232 606 2300 Danubio
631 2233 804 2318 divertant,
829 2256 902 2300 oum
919 2235 1028 2318 etiam,
1045 2235 1122 2318 quia
1139 2235 1198 2300 illa
1213 2255 1289 2301 aros
1313 2257 1348 2300 se
1363 2235 1440 2319 poti-

317 2351 430 2410 turum
444 2363 504 2427 pro
521 2349 610 2409 serto
636 2341 787 2426 confidit3
813 2341 900 2428 quod
916 2343 944 2408 si
959 2349 1163 2428 assequatur,
1188 2363 1208 2408 a
1223 2343 1358 2428 reliquis
1372 2341 1440 2408 Ma·

316 2452 443 2520 iestatis
457 2450 596 2520 Vestrae
612 2451 720 2533 regnis
735 2449 885 2516 exoindet
909 2449 961 2536 (nt
976 2451 1025 2517 ita
1040 2449 1161 2538 dicam)
1178 2451 1440 2536 Transylvaniam

317 2563 350 2622 et
365 2563 471 2623 totam
486 2555 679 2640 Hungariae
703 2558 879 2642 superioris
893 2557 1056 2642 regionem
1071 2559 1105 2624 iu
1123 2559 1280 2624 maximas
1296 2559 1441 2625 ooniidet

316 2665 492 2749 angustias.
508 2664 614 2750 quue
630 2666 772 2732 Turoam
787 2666 975 2732 moliturum
990 2664 1085 2731 facile
1101 2673 1151 2732 est
1166 2666 1356 2750 coniectare,
1372 2687 1439 2733 cum
1519 2681 1520 2684 ’

316 2794 338 2837 a
351 2771 529 2857 transfugis
554 2771 784 2858 Transylvanis
800 2771 842 2839 ad
866 2773 901 2838 id
925 2772 1150 2840 exstimulatur
1174 2783 1207 2840 et
1222 2775 1256 2840 in
1272 2774 1358 2841 hene
1372 2796 1440 2858 pro-

316 2881 456 2947 vinciam
481 2879 705 2964 diripiendam,
721 2880 849 2946 obiecta
865 2880 961 2946 huius
976 2880 1023 2946 rei
1047 2879 1214 2964 facilitate,
1230 2902 1357 2965 semper
1372 2902 1440 2965 pre

315 2993 464 3071 vocetur3
489 3007 590 3072 quare
614 2989 774 3071 praesciat
799 2990 921 3072 optime
946 3009 1043 3073 quem
1068 2989 1179 3054 tenuia
1203 2991 1269 3054 sint
1283 2988 1439 3057 Varadini

315 3094 479 3179 praesidia
502 3095 685 3180 reliquique
710 3102 898 3180 apparatus,
923 3115 1020 3179 quam
1036 3097 1120 3160 male
1135 3097 1235 3180 ipsius
1250 3097 1334 3162 vires
1349 3098 1440 3163 susti·

315 3223 400 3284 nere,
416 3201 534 3268 nedum
549 3201 725 3287 refringere
740 3203 875 3286 possint.
891 3200 1111 3287 Quamobrem
1125 3210 1285 3287 oportune
1300 3204 1440 3272 couside-

314 3418 475 3502 auxiliari,
491 3419 576 3484 sicut
601 3418 756 3484 exercitui
782 3420 837 3503 qui
854 3419 940 3486 eirea
964 3417 1154 3484 Danubium
1170 3419 1221 3502 sit,
1237 3419 1440 3504 impossibilis

317 3527 380 3594 erit
403 3527 562 3592 transitus
593 3525 635 3592 ob
652 3533 889 3592 commeatuum
919 3527 1107 3612 penuriam,
1138 3548 1211 3594 oum
1240 3549 1346 3612 neque
1363 3527 1440 3594 haee

312 3635 488 3722 provincia,
513 3655 617 3719 neque
641 3639 712 3700 tota
736 3633 910 3719 Hungeria
925 3636 1071 3720 superior
1086 3643 1156 3700 tam
1170 3656 1341 3703 numeroso
1357 3657 1441 3702 exer-

313 3744 393 3810 eitui
408 3741 525 3808 alendo
550 3741 697 3808 sufficere
722 3743 834 3827 possit.
859 3741 1000 3811 Necesse
1024 3745 1137 3828 itaque
1162 3746 1225 3810 erit
1248 3752 1325 3811 ente
1341 3745 1440 3813 hostis

284 3889 286 3896 ·
313 3849 487 3915 adventum
498 3869 569 3913 eam
578 3848 719 3915 militum
729 3851 864 3935 copiam,
875 3871 974 3937 quam
988 3872 1087 3935 supra
1102 3853 1278 3936 numeravi,
1288 3853 1330 3918 ad
1347 3852 1439 3920 finem

313 3955 397 4022 Maii
412 3963 594 4041 opportune
610 3960 853 4041 comparavisse.

420 4061 516 4128 Haeo
531 4065 643 4148 itaque
659 4066 685 4130 si
695 4064 1024 4150 recteponderentur,
1040 4067 1218 4134 clarissime
1236 4075 1330 4152 patet
1346 4088 1439 4154 quam

312 4171 429 4254 exigua
444 4168 556 4235 futura
581 4171 624 4236 sit
647 4173 784 4256 utilitas,
801 4193 900 4257 quam
924 4173 1084 4240 Maiestas
1100 4173 1222 4244 Vestra
1238 4196 1277 4240 ex
1292 4175 1356 4243 hae
1370 4198 1439 4262 pro-

312 4277 418 4344 riuoia
433 4279 577 4362 recipere
600 4285 711 4363 potest
737 4287 770 4346 et
794 4301 892 4366 quarn
915 4283 1021 4367 impar
1045 4284 1089 4348 sit
1104 4284 1251 4367 expensis
1276 4282 1438 4350 laboribus

313 4392 346 4451 et
364 4385 517 4470 perieulis
542 4387 717 4454 transactis
748 4409 896 4474 quaeque
926 4391 960 4454 in
975 4399 1142 4475 posterum
1173 4389 1293 4457 debent
1323 4391 1437 4457 subiri:

313 4495 399 4559 iusta
414 4493 515 4577 igitur
530 4492 570 4558 de
587 4515 685 4561 musa
700 4495 883 4582 quicunque
899 4499 955 4582 qui
962 4497 1103 4564 fideliter
1117 4497 1287 4564 Maiestati
1302 4499 1436 4569 Vestrae
1519 4541 1520 4544 κ

312 4601 456 4688 inseruit,
472 4609 580 4691 potest
605 4623 722 4690 magno
748 4602 835 4674 affini
861 4605 1017 4673 desiderio
1043 4605 1243 4694 inquirendi,
1259 4605 1382 4672 seilicet
1396 4625 1437 4671 au
1519 4631 1520 4634 ¹

180 3299 183 3306 ¹
314 3309 453 3377 randum
479 3318 537 3394 est,
562 3310 649 3396 quod
673 3318 752 3378 tuno
777 3309 953 3378 difficulter
982 3313 1159 3396 poterimus
1183 3311 1345 3381 Varadini
1375 3313 1439 3378 arei
1519 3405 1520 3408 Ἴ
