3062 5414
498 467 594 528 1602.
608 489 670 526 sor.
688 461 739 528 21.

532 785 715 854 mm

482 937 577 1000 1602.
602 955 689 1000 nov.
713 937 765 999 21.

41 1091 63 1141 Δ
87 1090 213 1144 brasard
237 1089 331 1144 andes
346 1087 581 1154 ermmadnok,
606 1107 638 1140 aa
662 1085 845 1156 oractqpydtas
876 1085 946 1140 ditat
969 1087 1071 1140 hiesum
1099 1087 1188 1142 dirlrru'

373 1179 484 1234 meter
499 1197 558 1232 rtem
573 1178 651 1246 liidie
665 1177 872 1246 beraolpdluuui

150 1315 340 1402 Magnifice
350 1315 422 1398 dne,
437 1313 531 1379 nobis
546 1311 763 1378 observande:
779 1313 918 1379 salutem
934 1317 967 1378 et
976 1311 1183 1380 servitiorum

46 1431 243 1492 nostrorum
259 1424 497 1510 paratissimam
516 1420 692 1488 commend

151 1531 354 1618 Singulares
377 1533 502 1616 agimus
518 1531 641 1616 gratias
656 1528 745 1615 Mag.
761 1529 850 1600 Vrae
866 1529 953 1616 quod
969 1531 1073 1598 nostri
1089 1553 1187 1597 eausa

50 1647 159 1724 partes
177 1661 261 1706 suas
276 1639 364 1724 apud
379 1641 425 1704 ill.
450 1639 549 1704 dnum
574 1637 758 1722 generalem
783 1639 1020 1724 interposuerit
1044 1637 1190 1704 Mediam

49 1755 176 1832 partem
199 1771 244 1816 ex
264 1747 433 1814 immeritis
449 1746 605 1831 proximis
619 1746 654 1810 iu
678 1747 927 1832 congregatione
945 1745 1187 1831 Medgyesiensi

52 1857 142 1922 nobis
159 1857 329 1942 impositis
345 1855 436 1920 illma
460 1875 519 1920 sna
539 1875 622 1938 mag.
638 1875 706 1920 oon.
722 1903 730 1920 .
746 1903 753 1920 .
770 1903 777 1920 .
795 1903 802 1920 .
819 1853 1031 1940 Perspectum
1047 1874 1123 1920 vero
1139 1861 1187 1920 at-

54 1983 111 2046 que
135 1967 312 2051 cognitum
327 1963 427 2030 habet
440 1961 530 2048 Mag.
546 1961 625 2048 Vra,
649 1983 717 2029 rem
748 1984 874 2030 omnem
899 1963 1145 2030 frumentariam
1170 1986 1191 2028 a

13 2151 17 2162 y
55 2073 176 2139 colonis
203 2073 327 2141 nostris
351 2073 399 2138 ita
423 2071 607 2155 ademptam
631 2091 701 2136 esse
726 2092 789 2138 non
814 2072 921 2138 solum
937 2093 977 2137 ex
993 2072 1117 2156 eampis
1132 2070 1190 2138 sed

13 2213 14 2218 ι
57 2181 149 2246 etiam
165 2181 297 2249 horreis
313 2187 350 2246 ut
374 2179 504 2246 omniuo
519 2179 601 2245 nihil
624 2179 668 2244 sit
683 2177 813 2244 residui.
829 2177 901 2246 Nos
916 2201 1046 2264 quoque
1062 2182 1096 2246 in
1111 2181 1190 2246 ciui-

13 2297 14 2302 ’
59 2293 122 2353 tate
137 2295 258 2356 nostra
282 2288 364 2355 nihil
379 2294 437 2355 aut
450 2289 602 2372 exiguum
617 2287 711 2354 valde
727 2287 847 2356 habere
862 2295 900 2356 ut
915 2289 1061 2374 plerique
1079 2291 1113 2354 in
1129 2287 1190 2355 hoo

13 2435 15 2486 ;
61 2394 208 2463 districtu
234 2419 318 2482 pane
342 2395 487 2463 furfureo
503 2402 536 2462 et
552 2417 591 2461 ex
612 2395 764 2480 glandine
789 2397 935 2464 conlecto
953 2397 1071 2464 vivant.
1087 2395 1190 2482 Cujus

13 2591 14 2600 ἵ
60 2505 102 2568 rei
117 2509 229 2589 gratia
256 2505 385 2572 modum
409 2504 497 2571 hand
522 2527 685 2590 quaquam
704 2505 847 2574 invenire
863 2527 1032 2592 possumus
1048 2511 1085 2572 ut
1101 2528 1188 2572 man·

63 2611 135 2678 dato
150 2615 198 2680 ili
215 2635 294 2682 suae
318 2635 401 2698 mag.
425 2613 506 2680 satis
529 2612 636 2680 faeere
662 2613 833 2682 valeamus.
849 2613 975 2682 Milites
990 2615 1135 2681 libertini
1152 2621 1185 2680 et

13 2801 14 2814 ἦ
64 2721 218 2789 satellites
234 2721 341 2788 Marci
356 2721 519 2808 sayuodee
534 2721 610 2788 hino
626 2722 700 2788 inde
716 2723 952 2790 excursitantes
962 2744 1185 2810 nuncquoque

66 2829 182 2896 miseris
206 2829 391 2896 hominibus
414 2831 554 2896 maximo
579 2837 655 2896 sunt
680 2831 889 2898 incommodo.
919 2831 1048 2899 Horum
1075 2834 1185 2916 itaque

13 2987 15 3012 ,
65 2931 170 3004 habita
178 2939 315 3022 ratione,
324 2944 473 3024 respectu
483 2937 581 3004 etiam
591 2939 767 3004 eommunis
777 2939 972 3006 calamitatis
983 2938 1071 3024 Mag.
1081 2939 1185 3010 Vram

67 3041 194 3112 demisse
211 3068 365 3130 rogamus
389 3047 537 3112 ulteriori
562 3069 621 3114 sua
636 3047 866 3114 intercessione
885 3049 979 3114 nobis
995 3069 1059 3114 non
1075 3048 1186 3116 deesse

13 3137 15 3148 ’
70 3152 147 3234 velit,
163 3161 199 3219 ut
218 3155 268 3220 vel
282 3153 371 3238 Mag.
381 3153 470 3222 Vrae
481 3175 579 3222 eausa
593 3155 700 3222 altera
724 3177 853 3241 quoque
868 3179 945 3242 pars
961 3157 1113 3224 frumenti
1129 3159 1186 3224 im·

13 3341 15 3350 ‚
70 3262 157 3340 positi
172 3263 267 3330 uobis
282 3263 494 3330 oonoedatur:
520 3263 607 3348 quod
628 3263 855 3331 administrare
871 3265 913 3331 ob
930 3266 1000 3350 ejus
1015 3265 1186 3352 deiectum,

13 3355 14 3402 ³
72 3389 127 3434 non
140 3379 281 3438 nostram
306 3371 555 3440 inobedientiam
579 3373 632 3440 vix
648 3373 733 3444 licet.
760 3371 899 3459 Quod'
872 3376 1010 3442 vicissim
1027 3375 1186 3440 demereri

13 3509 15 3562 g
73 3483 137 3542 nost
137 3481 329 3547 risservitiis
340 3480 474 3564 deMag.
480 3482 591 3551 Vrast
593 3481 779 3550 udebirnus·
773 3483 989 3568 ,eandemque
1001 3484 1187 3550 felicissime

13 3655 15 3678 ξ
74 3585 166 3652 valere
195 3595 393 3674 exoptamus
426 3589 495 3656 Dat
482 3597 549 3656 tum
575 3589 732 3675 Coronae,
758 3591 809 3657 die
836 3597 887 3658 21.
914 3591 995 3658 Nor.
1021 3613 1106 3660 auno
1132 3592 1187 3658 do-

76 3693 143 3760 nini
158 3701 252 3763 1602.

13 3785 14 3792 ¹
167 3803 254 3889 Mag.
269 3803 311 3874 V.
327 3807 497 3874 servitores
513 3807 711 3892 paratissimi

396 3913 500 3982 Iudex
520 3920 554 3980 et
569 3921 699 3982 senatus
715 3915 859 3986 civitatis
875 3914 1080 3986 Ueronensis.

13 3879 15 3924 l

13 4003 15 4048 l

13 4053 16 4178 Ι
170 4065 306 4123 Kolonia:
329 4064 426 4140 Magn.
452 4069 480 4125 d.
505 4067 675 4124 Baithassro
700 4069 887 4126 Bornemisua
913 4089 935 4127 s.
952 4089 975 4128 c.
993 4091 1013 4128 r.
1031 4071 1111 4128 Mttis
1137 4090 1189 4144 per

13 4181 15 4232 p
83 4147 219 4214 l'nnnism
235 4157 404 4228 consiliario,
419 4159 475 4213 dno
492 4158 572 4214 nobis
588 4159 774 4218 obseruando.

13 4371 15 4444 Ι

370 4299 466 4374 (Erasi.
482 4323 501 4357 a
516 4303 591 4356 Ms'ke
607 4303 718 4358 Sdarlor
732 4306 767 4358 tir
780 4303 878 4376 pydje.)
