3042 5404
310 476 374 538 170
683 490 802 538 nantum
817 489 1067 540 omloordnbuau.

198 671 200 675 ·
307 653 417 738 plures
432 653 558 721 fodinas
582 654 798 722 instituerent.
823 655 990 724 Volebant
1012 655 1098 722 idem
1123 657 1260 740 experiri
1284 655 1414 721 nonnulli

307 761 531 846 diligentiores
546 763 580 829 in
595 765 770 850 provincia,
786 764 814 830 si
829 785 887 850 per
902 765 1080 850 principem
1098 765 1250 831 licuisset

619 923 822 993 Fodinae
843 923 967 1010 ferri,
991 926 1119 992 aeris

414 1046 566 1115 Bellenes
590 1057 624 1116 et
648 1051 682 1117 in
708 1049 841 1118 Siculia.
866 1049 1026 1118 Ooluntur
1041 1051 1085 1118 ad
1099 1073 1193 1118 usum
1209 1057 1244 1120 et
1258 1050 1417 1120 necessita·
1512 1137 1513 1148 ἵ

308 1160 375 1222 tem
390 1155 555 1242 principis.
570 1153 766 1225 Arendabat
780 1159 910 1244 Wogen
926 1159 1052 1244 aliquot
1069 1159 1221 1226 millibus

674 1319 875 1388 Fodinae
897 1321 1066 1387 salium.

416 1443 557 1530 Thorda,
573 1445 729 1532 Vizakua,
747 1445 855 1532 Oolos,
871 1446 965 1532 Ohik,
979 1443 1076 1514 Deos
1099 1532 1103 1538 Ι

415 1550 492 1619 Ηεε
515 1555 700 1640 producunt
733 1556 817 1623 sales
847 1555 1150 1641 praestantissimos.
1174 1553 1296 1621 Incolis
1319 1551 1422 1620 nobili·
1512 1551 1513 1554 ’

309 1655 378 1740 bus,
394 1663 586 1743 praesertim
610 1684 687 1731 vero
712 1663 850 1730 dominis
875 1663 1082 1750 magnatibus
1106 1684 1165 1748 pro
1180 1684 1242 1728 usu
1258 1660 1423 1728 domestico

308 1768 411 1850 gratis
427 1771 507 1836 satis
531 1771 769 1839 administrant
793 1771 830 1840 Si
852 1793 928 1839 vero
952 1779 1086 1857 questus
1110 1791 1209 1837 causa
1233 1770 1306 1856 quis
1329 1787 1424 1834 emere

308 1873 456 1961 voluerit,
473 1879 616 1963 quinque
639 1882 779 1947 nummis
803 1879 1000 1966 Hungariois
1019 1900 1119 1946 unum
1135 1879 1261 1962 emitur,
1276 1877 1358 1944 idest
1372 1897 1424 1961 pro
1513 1953 1514 1958 ἵ

308 1981 435 2049 talleris
450 1986 572 2071 viginti.
587 1985 708 2072 Ingens
733 1989 858 2056 utilitas
881 1988 997 2056 harum
1019 1987 1203 2054 fodinarum
1217 1991 1362 2070 tempore
1375 2005 1425 2069 pa·

310 2089 355 2155 cis
370 2089 442 2176 finit,
458 2114 533 2160 nam
557 2117 617 2180 per
640 2095 833 2181 Marueium,
858 2097 963 2181 quiin
989 2093 1161 2179 Tibiscum,
1178 2113 1254 2160 mox
1269 2092 1381 2158 deinde
1394 2091 1424 2157 in

308 2196 496 2267 Danubium
512 2201 633 2288 defluit,
642 2205 676 2270 in
691 2203 896 2290 Hungariam
906 2211 940 2272 ot
955 2205 998 2271 ad
1012 2209 1124 2289 partes
1140 2201 1303 2285 Tunnicas,
1319 2199 1425 2266 deinde

308 2325 368 2390 per
377 2304 577 2376 Szamosium
586 2331 698 2378 versus
707 2311 964 2387 Maramaroain
973 2309 1151 2378 continenti
1160 2311 1267 2396 etiam,
1283 2308 1332 2374 sal
1347 2307 1427 2392 prin·

309 2414 390 2499 cipis
413 2416 538 2501 ingenti
563 2441 636 2486 oum
661 2423 752 2488 lucro
777 2419 980 2490 offerebatur.
1003 2419 1196 2505 Emporium
1220 2425 1254 2484 et
1277 2417 1427 2502 depositio

310 2521 426 2587 salium
442 2532 493 2591 est
507 2527 596 2612 apud
610 2526 787 2614 Varadgia,
810 2549 912 2614 prope
936 2527 1060 2594 Albam
1076 2527 1211 2610 Julian,
1227 2532 1261 2592 et
1277 2523 1372 2608 Deae,
1387 2523 1428 2589 ibi

309 2627 477 2697 Marusius
492 2655 603 2702 versus
619 2637 786 2724 orientem,
801 2637 855 2705 hic
869 2660 946 2705 vcro
965 2636 1149 2706 Saamosius
1163 2656 1275 2702 vorsus
1291 2631 1428 2700 occiden-

310 2745 377 2804 tem
394 2761 493 2809 onera
508 2743 605 2811 vehit
621 2745 693 2811 Iam
710 2745 897 2830 dignabitur
920 2747 1073 2812 maiestas
1088 2767 1147 2812 sua
1162 2744 1316 2828 cogitare,
1332 2763 1370 2808 ex
1385 2739 1431 2806 his

310 2846 460 2916 omnibus
483 2850 602 2918 fodinis
626 2854 753 2938 quoties
777 2859 914 2921 centena
947 2855 1050 2921 millia
1074 2850 1189 2920 salium
1214 2856 1379 2934 eruantur,
1401 2855 1431 2915 et

309 2962 404 3023 extra
427 2960 627 3043 provinciam
651 2961 770 3048 educti,
794 2969 862 3028 tres
886 2967 944 3030 aut
959 2969 1109 3048 quatuor,
1134 2960 1212 3027 olim
1227 2980 1304 3025 vero
1319 2978 1431 3025 sexse·

308 3071 399 3148 ptem
414 3067 553 3135 venditis
577 3091 637 3155 pro
662 3071 791 3156 tallere,
816 3076 940 3156 quanta
964 3071 1101 3155 pecunia
1124 3069 1158 3136 in
1182 3069 1344 3134 aerarium
1362 3067 1432 3133 binc

308 3170 422 3240 inferri
437 3177 549 3260 possit.
573 3176 710 3244 Habent
733 3179 817 3244 istae
841 3176 970 3244 fodinae
995 3177 1142 3261 singulae
1157 3197 1232 3242 suos
1246 3173 1431 3268 praetactos,

309 3302 391 3366 quos
415 3283 464 3348 illi
489 3287 683 3352 camerarios
707 3292 832 3370 vocant,
857 3307 897 3352 ex
930 3284 1112 3351 redditibus
1137 3285 1197 3351 sibi
1222 3281 1381 3351 officiales
1403 3287 1432 3345 et

310 3389 452 3456 cultores
466 3389 652 3459 fodinarum
662 3391 873 3459 satisfaciunt
883 3391 1057 3459 Rationem
1067 3398 1178 3459 tamen
1193 3391 1331 3476 singulis
1346 3388 1433 3457 annis

309 3496 490 3566 reddentes

415 3605 533 3675 Potuit
555 3609 707 3694 princeps
731 3613 821 3672 etex
844 3606 895 3674 bis
920 3608 1036 3674 salium
1060 3607 1178 3675 fodinis
1194 3607 1331 3692 singulis
1346 3603 1434 3673 annis

309 3713 431 3782 habere
446 3723 577 3782 centurn
592 3715 696 3782 millia
710 3715 910 3783 tallerorum.

378 3877 440 3943 De
463 3877 591 3944 bonis
613 3876 916 3946 Valachorum
938 3878 981 3942 in
1013 3875 1374 3943 Transsilvania

418 3999 610 4084 Antequam
619 3997 764 4069 Michael
772 4003 917 4086 vaivoda,
925 4003 1105 4088 irruptione
1119 4001 1153 4067 in
1164 3999 1436 4068 Transsilvaniam

309 4109 406 4192 facta,
421 4108 619 4193 provinciam
635 4117 832 4195 occupasset,
852 4111 918 4178 iam
942 4118 1041 4178 antea
1055 4109 1201 4176 nonnulli
1216 4107 1434 4177 Valacborum

310 4219 397 4284 bona
412 4217 524 4300 aliqua
539 4215 756 4302 possidebant,
765 4224 864 4302 atque
873 4219 1031 4305 imprimis
1047 4215 1156 4283 Albae
1166 4215 1192 4283 J
1192 4217 1280 4283 uliae
1288 4217 1435 4301 princeps

312 4323 581 4410 Sigismundus,in
596 4325 737 4406 gratiam
746 4323 920 4391 Michaelis
928 4324 1093 4408 vaivodae‚
1110 4343 1206 4408 quem
1221 4345 1242 4390 a
1259 4322 1435 4390 Turcarum

312 4434 467 4500 societate
482 4435 684 4514 avocaverat,
710 4433 921 4516 omnibusque
940 4431 1184 4499 benevolentiae
1199 4428 1437 4516 significationi·

312 4543 372 4608 bns
387 4539 656 4624 prosequebatur,
671 4541 902 4606 monasterium
912 4543 945 4606 iu
961 4541 1045 4607 colle
1061 4561 1159 4626 penes
1175 4539 1342 4607 civitatem
1358 4557 1436 4605 sum·

311 4647 422 4736 ptibue
437 4647 612 4715 Michaelis
628 4646 735 4710 extrui
743 4647 943 4732 permiserat,
958 4648 1165 4734 praediisque
1182 4647 1367 4714 donaverat
1377 4641 1438 4712 Sed
