3042 5404
497 495 589 550 1602.
608 513 684 549 neca.
707 495 753 550 18.
1130 489 1192 548 169

79 665 144 728 illos
159 667 209 748 qui
225 665 404 749 aliquando
420 672 637 748 perceptores,
661 663 826 748 praefecti,
846 675 1078 748 exactoresque
1096 667 1195 730 ratio-

79 793 144 835 num
159 772 293 838 fuerunt.
311 773 401 838 Illud
427 772 480 838 hie
504 772 682 838 notandum
707 779 766 854 est,
781 772 841 837 has
858 795 949 838 arces
964 774 1041 838 olim
1058 773 1195 838 ornatis-

79 878 162 943 simas
177 887 209 944 et
224 880 443 964 amplissimas
468 877 567 946 fuisse
586 879 729 966 praediis
745 887 782 945 et·
794 880 1051 964 possessionibus
1067 903 1124 945 seu
1139 903 1195 964 pa·

78 986 127 1068 gis,
142 986 194 1052 sed
218 995 365 1072 tempore
382 986 580 1070 Sigismundi
605 989 653 1054 ita
678 989 847 1072 spoliatae,
868 994 904 1053 ut
936 989 1029 1072 pagis
1043 987 1196 1052 hincinde

77 1093 140 1158 aliis
162 1095 355 1178 distributis,
389 1096 442 1160 vix
467 1095 545 1162 nudi
570 1096 713 1180 parietes
743 1103 976 1162 remansesunt.
1002 1093 1195 1178 Replicandi

78 1203 177 1285 itaque
193 1211 289 1269 erunt
306 1204 456 1270 distracti
472 1205 550 1288 pagi
567 1211 601 1269 et
615 1205 650 1270 in
666 1203 838 1288 pristinum
848 1205 994 1270 ordinem
1012 1202 1194 1268 reuocandi.

76 1308 154 1375 Hinc
168 1312 267 1377 etiam
287 1312 410 1378 factum
426 1311 498 1396 fuit,
523 1318 559 1377 ut
576 1333 667 1378 arces
683 1319 716 1378 et
733 1314 868 1379 castella
883 1313 1084 1378 dominorum
1101 1312 1194 1396 pagis

75 1423 106 1482 et
119 1417 296 1485 redditibus
312 1421 379 1485 fere
405 1421 650 1504 luxuriaverint,
675 1422 831 1506 principis
855 1428 964 1488 autem
985 1421 1085 1486 tantis
1102 1441 1195 1486 orna·

77 1527 183 1592 mentis
198 1527 360 1610 viduatae,
376 1549 410 1593 se
429 1527 609 1594 denudatas
629 1525 837 1594 deflecterint.

172 1634 301 1701 Horum
327 1657 486 1720 pagorum
520 1637 652 1703 nomina
686 1637 718 1701 in
744 1635 883 1702 urbariis
907 1635 1121 1718 inveniuntur,
1146 1633 1196 1700 vel

74 1743 165 1807 etiam
180 1743 250 1808 viva
266 1763 306 1808 ex
323 1765 401 1810 voce
417 1744 622 1810 subditorum
639 1745 789 1828 cognosci
806 1745 957 1828 poterint.

173 1851 328 1918 Caeteras
353 1874 444 1919 arces
469 1859 502 1919 et
527 1855 664 1920 castella
687 1854 901 1939 provinciales
925 1852 1090 1918 tenebant
1107 1849 1195 1914 Hinc

74 1960 181 2042 ingens
195 1965 244 2025 est
259 1961 474 2027 commoditas
499 1963 648 2048 principi,
673 1984 787 2047 greges
811 1983 968 2046 equorum
993 1968 1026 2026 et
1041 1979 1195 2044 pecorum

75 2068 172 2132 omnis
202 2070 328 2153 generis
359 2069 477 2152 alendi,
501 2091 599 2155 agros
630 2070 756 2138 colendi
777 2077 810 2136 et
826 2091 953 2138 omnem
978 2067 1196 2134 oeconomiam

76 2177 246 2242 exercendi.

335 2321 536 2388 Fodinae
559 2323 657 2388 auri
681 2328 723 2388 et
746 2323 933 2406 argenti.

175 2443 240 2512 Sed
256 2450 290 2512 et
306 2446 431 2514 fodinas
447 2449 597 2533 princeps
612 2447 713 2514 habet
731 2449 880 2532 insignes,
896 2469 980 2532 quae
995 2446 1043 2512 illi
1060 2445 1197 2528 singulis

38 2621 42 2633 ,
73 2553 161 2618 annis
176 2575 241 2620 non
257 2555 453 2622 mediocrem
468 2557 531 2622 vim
548 2557 619 2622 ami
636 2563 670 2622 et
685 2555 813 2640 argenti
830 2554 993 2622 ordinarie
1009 2549 1195 2618 offerebant.

1 2649 2 2654 ἵ
177 2665 205 2726 1.
221 2659 418 2746 Nagibania,
434 2663 544 2730 Rivuli
560 2663 784 2730 Dominarum.

176 2773 205 2834 2.
222 2767 423 2836 Saalathnia.

176 2876 316 2944 Oolebat
333 2877 392 2944 has
407 2877 534 2946 fodinas
558 2901 629 2946 meo
646 2887 791 2964 tempore
806 2879 839 2945 in
855 2877 976 2944 aranda
992 2877 1106 2943 doctor
1122 2873 1195 2939 Mu-

73 2984 171 3050 raltus
196 2993 230 3051 et
254 2987 402 3053 solvebat
428 2989 562 3071 singulis
586 2989 687 3070 annis,
713 2989 740 3053 si
764 2987 845 3053 bene
870 2986 1010 3070 memini,
1026 2983 1195 3066 sexaginta

73 3092 172 3158 millia
195 3115 368 3160 aureorum
395 3095 587 3161 ducatorum
612 3095 690 3162 iusti
715 3095 876 3180 ponderis.
892 3093 918 3181 ¹)
944 3093 996 3159 Ex
1013 3093 1065 3158 his
1082 3090 1198 3156 fodinis

76 3197 232 3265 cuduntur
256 3202 347 3266 aurei
373 3207 406 3267 et
426 3203 545 3285 talleri,
571 3210 604 3267 et
629 3203 785 3288 principis
810 3223 957 3269 camerae
983 3201 1198 3285 applicantur.

75 3303 221 3373 Poterint
236 3329 307 3376 esse
323 3315 357 3376 et
372 3311 482 3395 plures
497 3309 662 3376 hominum
679 3309 791 3376 labore
808 3317 841 3376 et
858 3309 1027 3376 industria.

291 3469 589 3537 Abrulrbania
612 3479 653 3537 et
676 3470 974 3538 Kbrdsbania.

175 3593 272 3662 Oirca
289 3595 348 3662 has
373 3605 448 3662 sunt
474 3602 600 3664 montes
617 3605 650 3663 et
665 3596 806 3681 flumina,
840 3599 896 3683 qui
912 3597 1093 3664 incolarum
1109 3593 1200 3659 indu·

72 3703 149 3768 stria
163 3705 285 3788 partim
300 3724 340 3769 ex
364 3711 472 3770 terrae
488 3705 671 3788 visceribus,
691 3707 811 3790 partim
836 3727 876 3772 ox
901 3706 1040 3772 lavacris
1056 3701 1201 3768 obcisum

72 3831 182 3876 aurum
199 3819 232 3878 st
256 3813 406 3897 pulveres
431 3819 464 3880 et
489 3813 615 3898 lapides
640 3815 729 3880 aurei
754 3821 921 3898 eruuntur,
947 3819 980 3878 et
995 3813 1030 3878 in
1045 3811 1200 3897 principis

73 3939 231 3985 cameram
247 3925 503 4004 comportantur.
520 3921 709 3988 Praefectos
724 3921 908 3988 fodinarum
923 3919 1054 3987 habent.

178 4025 255 4094 Non
271 4029 412 4113 amplius
437 4029 498 4095 hae
514 4029 645 4096 fodinae
660 4031 693 4096 in
719 4031 873 4098 arandam
892 4030 1068 4097 elocaudao
1085 4035 1201 4110 essent,

72 4133 124 4200 sed
139 4137 249 4219 potius
265 4157 391 4204 summo
417 4137 525 4204 studio
542 4139 639 4204 certis
664 4138 844 4206 artificibus
860 4145 893 4204 et
910 4139 1073 4223 magistris
1088 4139 1122 4202 in
1138 4137 1201 4202 hac

73 4249 139 4308 arte
154 4245 278 4328 peritis,
295 4265 336 4309 ex
352 4245 424 4310 aliis
441 4267 518 4312 suae
537 4247 717 4313 maiestatis
727 4247 903 4314 ditionibus
920 4268 958 4313 eo
974 4245 1201 4330 transferendi,

73 4352 123 4431 qui
139 4353 173 4416 in
189 4354 350 4420 rationem
366 4374 444 4420 suae
467 4353 647 4420 maiestatis
671 4361 704 4422 et
719 4356 779 4422 has
795 4355 981 4438 diligentins
998 4355 1150 4436 colerent,
1168 4359 1201 4418 et

1 4503 2 4510 v
73 4488 283 4506 *mm-

181 4571 199 4628 ¹)
213 4569 310 4621 Sceleri
323 4569 445 4636 uspmgr
460 4571 586 4622 kezevel:
600 4569 715 4620 circiter.
