3042 5404
332 459 395 526 190
701 475 820 526 nantum
835 477 1087 526 onsatccrbnesss.

330 638 386 725 qui
410 640 555 708 infensus
578 642 667 708 illius
690 641 794 708 bostis
809 650 889 728 erat,
903 663 978 709 cum
994 641 1057 710 sibi
1072 643 1272 711 venditasset
1286 641 1373 711 banc
1388 665 1459 730 pro·

329 749 476 834 vinciam,
501 755 534 816 ct
557 750 794 818 sacratissimae
818 771 988 817 caesareae
1012 751 1177 836 majestati
1196 753 1334 837 cepisset
1349 751 1458 818 adver·

329 858 403 940 sari,
413 864 447 924 ct
456 879 530 924 cum
539 859 684 925 exercitu
700 858 844 944 ejusdem
858 859 1041 944 majestatis
1060 880 1231 926 caesareae
1246 860 1351 945 ipsius
1366 881 1458 927 oona·

326 965 415 1032 tibus
431 965 558 1032 obviam
573 965 709 1048 ivissem,
725 972 759 1032 et
773 965 833 1032 deo
849 966 897 1033 ite
912 967 1040 1034 volente
1056 967 1334 1034 exTransilvania
1350 969 1459 1054 ejecis-

328 1093 404 1156 sem,
413 1095 514 1158 parvo
523 1079 638 1158 postea
647 1081 792 1160 tempore
802 1074 982 1160 interjecto,
998 1075 1160 1160 praesidio
1176 1075 1337 1144 Polonico
1352 1097 1456 1144 accer-

327 1181 390 1247 sito
415 1202 454 1248 ae
479 1179 621 1248 Simeoni
645 1181 741 1248 fratri
760 1181 922 1268 adjuncto,
938 1183 973 1248 in
987 1181 1183 1251 Valsclniam
1199 1183 1456 1269 Transalpinam,

328 1289 484 1357 ditionem
508 1311 586 1358 suae
600 1289 789 1376 Majestatis
804 1291 901 1374 misit,
918 1296 952 1356 et
967 1289 1010 1356 ab
1026 1291 1096 1376 ejus
1111 1291 1248 1377 imperio
1265 1292 1454 1360 distractum

327 1397 470 1465 Simeoni
485 1399 662 1484 usmpavit.
677 1396 731 1466 Ac
745 1403 916 1484 praeterea
930 1419 996 1466 non
1010 1401 1059 1466 ita
1073 1399 1208 1485 pridem,
1238 1400 1371 1467 litterae
1385 1401 1455 1466 illu-

327 1507 505 1574 strissimae
514 1528 592 1574 suae
602 1506 831 1574 dominationis
840 1507 1041 1592 interceptae
1051 1514 1137 1592 sunt,
1153 1508 1273 1592 quibus
1288 1509 1454 1576 ordinibus

327 1606 508 1682 et'statibus
522 1615 620 1702 hujus
635 1616 819 1700 provinciae
828 1615 1023 1700 persuadere
1039 1615 1228 1701 conabatur,
1243 1617 1453 1684 defectionem

326 1744 347 1787 a
370 1723 590 1791 sacratissima
613 1743 765 1790 caesarea
788 1723 962 1809 majestate
987 1724 1179 1791 incoandam
1204 1745 1282 1810 esse,
1307 1747 1406 1810 quam
1429 1725 1453 1790 si

326 1835 517 1915 tentassent,
539 1853 634 1898 snum
663 1831 730 1898 illis
745 1831 903 1903 auxilium
932 1853 998 1898 non
1022 1831 1210 1899 delubnum
1234 1840 1351 1900 eontra
1366 1853 1452 1900 suem

325 1940 539 2024 majestatem.
554 1939 705 2025 Denique
719 1940 771 2006 his
785 1939 935 2006 omnibus
950 1961 1016 2007 non
1031 1947 1201 2008 contentus
1218 1942 1370 2008 chamum
1385 1963 1453 2008 cunr

325 2068 444 2132 magna
468 2046 681 2115 Tartarorum
707 2047 843 2115 colluvie
868 2048 1080 2116 sollicitatum
1100 2071 1173 2116 cum
1189 2048 1340 2116 Simeone
1355 2050 1453 2117 fratre

325 2158 492 2242 copiisque
500 2157 665 2224 Polonicis
680 2179 720 2224 ac
734 2155 929 2224 Moldavicis
944 2158 978 2222 in
994 2157 1189 2226 Valachiam
1205 2158 1452 2243 Transalpinam

325 2263 420 2348 misit,
445 2265 502 2350 qui
526 2271 635 2332 tamen
649 2287 769 2351 magna
783 2285 916 2332 suorum
932 2263 1183 2350 cladeaccepts,
1199 2265 1366 2334 discedere
1382 2287 1451 2332 oon·

325 2373 412 2457 pulsi
436 2379 519 2441 sunt
543 2373 607 2440 His
630 2375 730 2458 igitur
755 2381 788 2441 et
812 2374 971 2441 similibus
996 2375 1180 2442 exacerbati
1200 2372 1451 2456 contumeliissi

326 2481 405 2565 quid
428 2481 546 2549 hostile
570 2487 684 2549 contra
702 2483 953 2550 illustrissimam
970 2481 1223 2549 dominationem
1240 2504 1334 2549 suam
1349 2481 1450 2548 novis·

325 2609 441 2671 semus,
466 2590 555 2656 haud
578 2590 748 2674 immerito,
772 2589 807 2656 id
834 2589 948 2657 fecisse
969 2590 1199 2675 judicaremur.
1218 2591 1450 2660 Verumtamen

325 2697 545 2764 sacratissima
554 2719 706 2766 caesares
720 2697 882 2784 majestas,
898 2697 1046 2764 dominus
1062 2705 1174 2766 noster
1190 2698 1451 2766 clementissimus

326 2805 492 2889 sanguinis
515 2806 684 2873 christiani
708 2827 781 2872 cum
806 2805 918 2872 sitiens
933 2826 1099 2891 nunqnam
1117 2806 1224 2892 fuerit,
1239 2829 1306 2874 non
1321 2826 1450 2891 perpen-

326 2911 375 2978 dit
393 2911 595 2980 adversarios
610 2913 848 2980 illustrissimae
865 2913 1094 2981 dominationis
1109 2937 1187 2981 suae
1217 2919 1361 2998 conatus,
1377 2911 1451 2998 quin

325 3022 434 3106 potius
453 3023 659 3089 clementiam
675 3024 744 3109 ejus
760 3023 981 3106 impetrantes,
997 3023 1181 3108 quicunque
1204 3021 1255 3089 illi
1279 3023 1352 3106 sint,
1367 3021 1450 3086 beni·

325 3151 391 3214 gna
415 3130 516 3216 ipsius
540 3131 647 3216 grstia
670 3128 873 3198 fovebuntur.
888 3129 924 3198 Si
947 3131 1048 3214 igitur
1072 3135 1106 3196 et
1121 3131 1340 3198 illustrissima
1355 3127 1450 3196 domi·

325 3239 417 3306 natio
447 3259 507 3306 sua
536 3241 570 3306 in
601 3240 749 3306 omnibus
779 3239 820 3305 iis
851 3239 906 3323 qui
932 3240 1080 3324 superius
1103 3245 1356 3306 commemorate
1379 3241 1451 3304 sunt

326 3347 425 3412 animi
449 3347 663 3414 constantiam
688 3347 910 3430 declaraverit,
935 3353 969 3414 et
982 3347 1073 3432 pacis
1098 3347 1230 3414 foedera
1261 3369 1335 3413 cum
1351 3347 1449 3413 Tran-

326 3453 462 3520 silvania
486 3459 519 3522 et
543 3453 713 3539 Valaehia,
739 3463 838 3540 atque
862 3455 943 3522 adeo
968 3477 1042 3521 cum
1057 3459 1129 3522 tota
1143 3455 1313 3541 republica
1329 3453 1450 3522 christi·

324 3584 388 3628 ana
412 3562 561 3647 servabit,
577 3569 612 3629 et
625 3563 659 3628 in
674 3583 774 3649 regno
790 3568 882 3630 tutus
897 3563 1082 3647 consistere,
1099 3569 1132 3630 et
1147 3586 1168 3630 a
1182 3563 1277 3630 nobis
1287 3563 1449 3640 auxilium,

324 3671 351 3737 si
367 3693 419 3738 res
435 3677 468 3738 et
483 3672 608 3740 occasio
623 3669 717 3755 ferat,
733 3676 925 3756 exspectare
940 3671 1072 3757 poterit

619 3851 873 3937 Responsio
896 3853 1158 3938 legatorum

431 3978 457 4044 J
457 3984 548 4046 ustas
566 4000 635 4046 esse
651 3980 890 4046 illustrissimae
906 3979 1137 4047 dominationis
1153 3983 1280 4046 vestrae
1296 3978 1449 4062 querelas,

322 4109 387 4153 non
409 4085 600 4172 inficiamur,
624 4126 668 4136 -
693 4110 777 4173 quas
799 4111 872 4155 cum
887 4087 976 4156 facta
991 4089 1064 4172 sint,
1078 4086 1201 4154 infecta
1216 4107 1285 4152 esse
1300 4107 1365 4152 non
1380 4105 1447 4169 pos·

323 4200 408 4262 sunt
433 4193 499 4262 Sed
522 4196 721 4280 provinciam
745 4202 891 4264 nostram
907 4219 945 4264 eo
961 4199 995 4262 in
1011 4198 1083 4264 loco
1094 4197 1189 4262 sitam
1206 4215 1285 4278 esse,
1300 4193 1448 4260 ut'omni·

322 4303 383 4369 bus
400 4304 551 4388 gentibus
567 4307 680 4390 pervia
696 4327 765 4372 esse
791 4307 902 4390 possit,
917 4305 1124 4372 manifestum
1140 4309 1198 4386 est,
1215 4309 1249 4368 et
1264 4325 1337 4369 cum
1352 4301 1446 4368 forto·

322 4412 399 4478 licia
425 4433 553 4497 quoque
579 4413 686 4479 desint
704 4413 821 4498 quibus
836 4413 953 4479 inclusi
967 4414 1052 4479 vitas
1068 4419 1102 4477 et
1115 4412 1263 4477 fortunas
1278 4418 1445 4486 tueremur,

322 4521 516 4586 necessitate
526 4522 738 4605 conpellimur
749 4521 865 4588 Turcis
874 4541 914 4586 ao
923 4519 1073 4586 Tartesia
1082 4539 1206 4586 morem
1217 4539 1339 4602 gerere.
1356 4514 1445 4600 Quod

323 4633 432 4696 zeutem
457 4625 664 4714 Sigismundo
688 4627 829 4716 principi
855 4626 977 4692 auxilio
1002 4624 1130 4710 luimus,
1155 4623 1189 4692 id
1213 4623 1358 4708 fecimus,
1373 4624 1444 4709 quia
