3032 5418
495 461 589 517 1605.
604 479 661 516 111.
683 461 730 514 12.
1114 449 1178 510 369

4 679 6 684 -
52 643 136 722 prout
161 637 321 704 hacteuus
347 635 471 702 lactum
497 640 555 700 est.
581 629 669 700 Nam
695 631 769 698 illos
787 630 908 696 auxilio
926 627 1109 696 'lurcorum
1148 635 1181 692 11

54 743 258 812 Tartarorum
274 745 347 810 loca
363 743 475 828 aliqua
491 741 710 826 intercepisse,
726 761 785 824 pro
802 743 891 806 certo
908 737 1179 804 excellentissimo

54 853 171 918 domiuo
188 852 334 936 generali
354 851 495 918 relatum
511 855 569 918 est.

147 978 215 1044 III.
241 978 290 1048 Vt
314 979 423 1045 subito
448 980 575 1064 aliquot
591 977 716 1044 dierum
732 976 891 1058 induciae,
907 981 1005 1059 prout
1020 975 1053 1040 in
1070 974 1174 1039 literis

54 1089 288 1172 assecuratorijs
314 1089 507 1170 continetur,
533 1085 751 1168 stabiliantur,
777 1091 810 1150 et
837 1089 1000 1150 tractatus
1025 1083 1065 1147 de
1096 1103 1177 1167 pace

55 1202 166 1279 quanto
192 1197 289 1262 citius
305 1198 466 1277 ineantur,
483 1217 547 1280 quo
564 1194 697 1260 taudem
713 1191 871 1258 afflictum
888 1191 950 1258 hoc
966 1213 1100 1276 regnum
1116 1189 1178 1254 hao

56 1323 145 1386 graue
169 1303 249 1370 belli
273 1305 358 1370 mole
384 1303 556 1369 liberatum
583 1303 749 1385 respirare
770 1302 883 1384 possit,
908 1301 1034 1366 interea
1052 1319 1128 1364 vero
1145 1303 1178 1364 et

59 1411 288 1494 quamprimum
313 1410 355 1476 D.
381 1410 542 1494 Bochlray
567 1431 601 1474 se
618 1431 650 1474 sc
668 1403 1181 1490 (1111111111(11111111111111

59 1517 217 1602 significet,
242 1540 307 1604 quo
332 1541 405 1586 cum
422 1540 481 1586 suo
505 1519 649 1584 exercitu
666 1537 700 1582 se
716 1515 862 1582 conferre
879 1515 965 1600 velit,
982 1514 1131 1580 similiter
1147 1517 1180 1578 et

59 1627 196 1693 dominus
226 1628 389 1710 generalis
419 1627 466 1692 illi
498 1623 704 1710 significabit,
729 1645 771 1692 11
796 1633 830 1691 11
855 1645 1009 1708 quorsum
1035 1623 1109 1689 hinc
1135 1624 1179 1688 sit

2 1789 3 1792 ,
61 1737 165 1802 iturus.

157 1859 217 1926 IV.
238 1859 392 1942 Iniuuget
408 1859 451 1924 D.
467 1859 628 1942 generalis
643 1859 780 1926 militiae
795 1880 884 1942 suae,
899 1879 940 1924 ue
956 1859 1036 1944 quid
1061 1857 1181 1923 hostile

1 1994 3 2042 g
60 1977 163 2034 eontra
187 1969 365 2034 exercitum
382 1967 504 2034 domini
520 1965 679 2054 Bochkai
695 1972 808 2048 tentet,
824 1966 858 2032 id
875 1965 961 2052 quod
978 1975 1011 2031 et
1026 1967 1088 2050 ipsi
1104 1963 1182 2030 faci-

1 2077 2 2082 ’
62 2077 170 2143 endum
186 2078 257 2142 erit

155 2222 195 2290 V.
219 2219 403 2288 Assecnrat
418 2223 550 2306 insuper
559 2219 602 2288 D.
618 2222 780 2306 generalis
796 2221 838 2288 D.
854 2219 1057 2306 Stephanum
1073 2219 1180 2286 Boch-

61 2332 167 2417 11111
184 2353 218 2398 se
234 2355 255 2398 a
271 2353 331 2398 sua
346 2332 518 2398 maiestate
539 2352 691 2398 caesarea
706 2339 740 2397 et
754 2333 846 2416 regia
862 2331 1095 2416 amplissimam
1112 2335 1183 2394 aut·

1 2426 2 2510 J
61 2442 213 2506 toritatem
239 2449 273 2506 et
298 2441 566 2524 plenipotentiam
591 2437 746 2525 poetandi
772 2447 805 2506 et
821 2438 1035 2505 concludendi
1051 2437 1181 2502 habere.

1 2586 2 2622 ς
64 2547 103 2612 Et
125 2551 148 2613 si
168 2548 252 2614 forte
268 2548 331 2614 hoc
346 2547 476 2614 domino
493 2547 653 2633 Bochlrepi
669 2545 818 2613 sufficere
834 2569 900 2613 non
916 2546 1089 2628 videretur,
1105 2544 1185 2610 obli·

1 2666 2 2744 }
67 2663 115 2736 gat
129 2679 159 2722 se
175 2677 218 2739 11,
234 2654 324 2740 quod
342 2654 430 2720 infra
445 2655 545 2720 breue
562 2661 688 2740 tempus
705 2677 725 2720 1
749 2677 808 2720 111
831 2655 1001 2722 maiestate
1018 2651 1185 2719 confirma·

1 2756 2 2803 1
65 2763 104 2828 tio
118 2771 148 2830 11
163 2763 338 2830 ratificatio
355 2763 497 2828 omnium
513 2783 633 2847 eorum,
648 2784 733 2848 quae
750 2761 995 2845 cuncludentur,
1012 2762 1185 2846 subseque-

65 2877 118 2937 tur.
132 2869 226 2956 Quod
242 2893 321 2938 uero
337 2869 379 2936 D.
394 2869 554 2957 Bochkay
571 2871 714 2956 allegato
731 2873 878 2957 exemplo
896 2869 1185 2956 Transssylvauico

67 2981 199 3046 nonnihil
224 2981 264 3046 de
289 2980 524 3064 plenipotentia
549 2978 669 3046 domini
696 2980 856 3064 generalis
881 2979 1031 3045 dubitare
1048 2978 1186 3074 videtur,

67 3089 226 3172 respondet
236 3087 278 3154 D.
295 3087 463 3172 generalis,
478 3088 608 3171 ipsimet
618 3087 777 3174 Bochkay
794 3090 914 3172 optime
930 3093 1086 3170 constare,
1098 3083 1186 3170 quod

1 3233 2 3256 i
71 3215 165 3262 omnes
188 3196 447 3263 assecurationes
472 3201 539 3260 tani
566 3195 606 3260 de
631 3197 698 3262 rita
729 3217 827 3280 quam
852 3195 892 3261 de
919 3195 1061 3280 proprijs
1086 3194 1180 3261 bonis

1 3357 2 3368 .
68 3303 213 3370 nobilibus
237 3305 271 3369 in
297 3301 536 3388 Trausylvania
561 3323 581 3366 1
606 3301 738 3368 domino
764 3305 908 3388 generali
933 3303 1043 3370 sactae
1059 3323 1185 3386 semper

1 3467 2 3482 ,
70 3407 175 3477 luerint
198 3433 219 3478 a
243 3432 304 3477 sua
328 3411 497 3476 maiestate
522 3409 715 3494 1111111111,
741 3418 774 3478 11
790 3415 816 3478 11
833 3411 921 3498 quod
938 3411 1072 3478 dubium
1088 3413 1187 3476 inter·

71 3515 172 3584 dumio
192 3517 284 3586 Aulo
300 3519 492 3600 intercessit,
509 3539 574 3585 nou
591 3517 654 3585 fuit
668 3521 731 3586 nisi
748 3519 788 3584 ds
804 3521 907 3604 bonis,
923 3541 1008 3605 quae
1023 3541 1043 3586 1
1059 3519 1187 3585 domiuo

1 3655 2 3732 p
71 3628 196 3705 generali
212 3627 374 3696 extraneis
389 3627 510 3693 collata
526 3625 667 3693 suerunt.

161 3771 219 3838 Vl.
246 3769 341 3854 Quod
363 3791 439 3837 sero
454 3771 642 3856 spectabilis
659 3777 693 3838 et
707 3771 898 3858 magnificus
913 3771 1062 3839 dominus
1079 3769 1186 3836 Boch-

1 3869 2 3921 ἕ
76 3875 128 3964 lai
142 3880 322 3968 desydorat,
339 3901 378 3944 ne
395 3879 685 3946 excellentissimus
701 3880 850 3948 domiuus
867 3881 1026 3964 generalis
1043 3879 1188 3946 clandes-

1 4007 2 4010 ’
73 3985 126 4051 tine
150 3989 262 4056 literas
278 3987 321 4054 ad
338 3986 509 4054 Turcaset
534 3987 615 4054 alios
642 4009 720 4054 suae
736 3989 922 4074 spectabilis
938 3995 972 4052 et
996 3985 1187 4070 magnificae

73 4091 282 4163 dominationis
307 4096 426 4162 milites
452 4095 594 4178 exharet,
611 4093 702 4182 (igy),
719 4097 882 4180 promittit
898 4095 1188 4160 excellentissimus

74 4199 202 4270 dominus
226 4203 388 4290 generalis
413 4203 476 4270 fide
492 4203 663 4270 ethonore
679 4205 851 4288 mediante,
868 4227 902 4270 11
918 4225 953 4270 11
970 4203 1109 4270 durante
1125 4201 1188 4268 hec

1 4379 2 4399 ,
74 4310 248 4378 tractatione
265 4312 298 4378 id
315 4313 445 4378 minime
469 4309 641 4395 facturum,
666 4311 723 4378 sed
747 4321 844 4397 prout
869 4313 1047 4380 christiano
1063 4311 1188 4376 homiui

1 4444 2 4514 3
75 4421 214 4506 conuenit,
232 4421 319 4488 omui
345 4420 459 4486 fraude
480 4426 513 4486 et
529 4419 603 4486 dolo
621 4427 775 4504 cessante,
793 4421 938 4505 candide,
955 4441 1087 4506 syncere
1104 4427 1136 4484 et
1151 4417 1188 4484 fi·

1 4551 2 4594 ς
76 4523 174 4592 delitsr
183 4535 338 4596 acturum.
355 4525 452 4612 Quod
468 4528 581 4594 itidem
598 4549 617 4594 1
633 4529 803 4612 spectabili
820 4537 852 4594 11
870 4527 1040 4612 magnifico
1057 4527 1188 4593 domino

1 4627 2 4684 ἶ
79 4628 215 4722 Βο11111
232 4637 294 4704 sibi
310 4637 491 4721 pollicetur.

123 4795 207 4850 urceus
227 4797 402 4848 omsmmso
421 4795 543 4838 umlekek.
568 4795 594 4836 v.
1048 4785 1080 4831 24
