3042 5404
348 426 414 488 234
754 441 872 488 srutnrr
888 439 1141 492 osszloorticstscn.

346 604 419 672 loco
443 603 500 670 ubi
525 626 584 671 nos
608 605 824 689 personaliter
848 627 907 690 per
929 606 965 672 id
988 615 1117 692 tempus
1141 606 1245 674 futuri
1271 630 1383 674 sumus
1398 607 1470 672 cele·

348 712 476 778 brunda
502 715 728 780 statuerimus:
753 713 1028 780 dominationibus
1053 717 1169 781 vestris
1188 716 1418 783 committimus
1440 722 1468 780 et

345 821 536 888 mandamus
561 822 678 890 herum
702 825 785 889 serie
800 823 946 907 tirmiter,
971 830 1131 909 quatenus
1155 825 1199 890 ed
1223 823 1466 910 praedefinitum

346 931 521 996 terminum
553 932 746 1015 magistrum
770 932 890 998 ciuium
913 932 1038 1016 regium
1062 939 1096 998 et
1120 931 1205 998 sedis
1226 933 1361 1018 judices,
1385 939 1419 999 vt
1432 931 1468 997 do

346 1044 509 1122 oportuno
532 1039 625 1123 regni
649 1045 747 1123 statu,
766 1041 928 1106 communi
953 1041 1088 1107 consssio
1113 1046 1260 1106 tractare
1285 1047 1317 1107 et
1341 1041 1469 1108 meliors

347 1167 496 1232 quaeque
521 1146 562 1212 de
585 1147 691 1214 salute
714 1147 859 1233 ejusdem
885 1154 1029 1214 statuero
1052 1149 1222 1234 possimus,
1245 1149 1281 1215 in
1296 1149 1468 1216 antefatum

346 1257 454 1322 locum
469 1277 543 1321 cum
558 1277 615 1321 sex
630 1254 753 1322 civibus
764 1257 885 1342 juratis
901 1257 1062 1342 expedire,
1079 1257 1183 1324 modis
1199 1257 1346 1324 omnibus
1363 1257 1468 1324 debea-

347 1365 391 1430 tis
407 1371 441 1430 et
457 1365 639 1430 teneamini.
655 1363 756 1432 Secus
779 1387 846 1432 nou
861 1364 988 1430 lecturi.
1007 1365 1241 1433 Praesentibus
1256 1367 1406 1451 perlectis
1420 1387 1467 1431 ex·

343 1471 469 1537 bibenti
484 1473 653 1538 restitutis.
668 1473 795 1540 Datum
803 1491 844 1538 ex
854 1473 904 1539 Ze
911 1494 1024 1540 zrurss
1034 1474 1188 1560 vigesima
1203 1479 1323 1560 quarta
1332 1471 1467 1559 Augusti

346 1601 432 1647 anno
447 1580 617 1647 millesimo
634 1583 865 1650 sexcentesimo
881 1583 988 1650 tertio.

453 1775 495 1844 G.
511 1777 671 1846 Bastam.
686 1803 717 1866 p.
933 1780 1425 1870 PanlussKrsuseneggmp.

508 1885 561 1973 ff·
577 1885 623 1974 h.)
1123 1888 1177 1976 (P.
1192 1889 1239 1978 lL)

414 2090 571 2169 (Eredetije
586 2097 662 2170 nyilt
676 2114 798 2169 parancs
815 2098 941 2154 slskbun
956 2097 1176 2171 irva,Segesvtr
1193 2097 1296 2156 vtrosu
1311 2095 1408 2170 ltban.)

892 2343 926 2430 b)

453 2482 616 2570 Georgius
632 2487 736 2553 Basta
750 2487 811 2553 stb.
827 2493 861 2553 et
876 2487 1000 2554 Paulus
1016 2485 1226 2573 Orausenegk
1242 2491 1303 2555 stb.

451 2593 618 2661 Universis
634 2601 667 2662 et
683 2597 819 2680 singulis
834 2595 1022 2680 magnificis,
1032 2597 1206 2682 generosis,
1223 2597 1363 2683 egregijs
1377 2595 1459 2662 nobi·

343 2702 430 2770 libus
446 2705 626 2788 comitibus,
650 2705 891 2771 vicecomitibus
911 2705 1076 2790 judicibus
1100 2728 1139 2772 ac
1164 2706 1366 2772 universitati
1380 2704 1460 2771 nobi-

343 2813 425 2879 lium
450 2813 623 2879 comitatus
648 2813 776 2880 Zolnok
799 2813 973 2896 interioris,
1002 2814 1114 2878 amicis
1147 2813 1242 2880 nobis
1265 2806 1462 2892 honorandis,

345 2920 484 2986 sulutem
513 2926 546 2986 et
578 2920 768 2987 benevolsm
798 2921 904 2985 nostri
935 2921 1253 2986 commendationem.
1284 2921 1462 3002 Mivelhogy

344 3027 1461 3113 immtrezorsztgbsvagyonlrazcstsztrnalrbfelsegtnelrszmilre

348 3135 1463 3222 gyelmesurumlrnakkegyelmetekhezralolregyelmesulrnretJtttr·

347 3248 453 3311 testre
469 3244 607 3330 uksrjulr
623 3243 744 3310 sdni'es
754 3243 944 3328 bizouyosst
963 3245 1054 3309 tenni
1064 3244 1170 3328 telttle,
1188 3243 1294 3310 mihez
1311 3242 1462 3310 tartbssss

346 3353 571 3438 kegyelmetek
586 3352 614 3418 is
630 3355 750 3437 magtt
775 3351 972 3418 Kivtntetik
987 3352 1031 3416 mi
1047 3353 1170 3418 nelonk
1195 3375 1232 3418 su
1248 3350 1459 3438 kegyelmetelr

342 3462 516 3548 jelenlete;
541 3461 684 3546 hcgyjulr
709 3463 799 3526 azert
832 3463 866 3525 ts
890 3461 1122 3546 parencsoljuk
1147 3461 1322 3528 csesztrttl
1345 3459 1462 3528 nelttnlt

346 3571 476 3638 adstott
502 3569 810 3652 auctoritesonlrbob
834 3568 922 3652 hogy
945 3569 1169 3655 kegyelmetek
1192 3569 1284 3635 mind
1307 3569 1461 3654 fejenktut

345 3679 581 3764 utrmegyeirbl
606 3677 649 3744 ad
673 3677 825 3743 ultimum
859 3675 946 3742 diem
970 3675 1067 3762 hujus
1091 3677 1209 3742 mensis
1240 3673 1384 3762 Augusti
1406 3673 1462 3742 oda

342 3788 436 3872 jbnni
452 3787 625 3869 turbessel,
649 3807 686 3853 az
711 3787 937 3871 kapusztmrol
952 3785 1024 3852 vulo
1049 3785 1308 3870 regestromoket
1322 3785 1410 3850 relelr
1424 3783 1462 3847 el·

345 3895 468 3961 hozvtn
484 3893 614 3960 ralshol
639 3916 676 3960 sz
700 3895 745 3960 mi
770 3893 1007 3979 enemelyttnlret
1030 3893 1135 3980 hsllja
1159 3894 1227 3960 sine
1250 3915 1342 3960 mora
1356 3893 1462 3960 ullast
1503 3885 1505 3893 '

346 4001 561 4068 cunctatione.
578 4000 678 4069 Secus
694 4008 755 4069 etc.
770 4001 1004 4068 Praesentibus
1020 4006 1081 4067 etc

453 4110 577 4177 Datum
603 4133 642 4177 ex
667 4113 782 4178 cestris
806 4112 849 4178 ed
874 4110 1031 4196 oppidum
1052 4107 1244 4176 stszrs'sros
1259 4109 1384 4194 positis,
1399 4107 1455 4173 duo

347 4219 473 4286 decime
487 4219 539 4285 die
563 4221 683 4286 mensis
699 4215 853 4304 Augusti,
873 4241 959 4286 enno
983 4217 1106 4285 domini
1121 4217 1292 4284 millesimo
1310 4221 1461 4284 sescento

345 4329 426 4395 simo
442 4330 549 4395 tertio.

454 4451 558 4522 Basta
572 4477 614 4521 m.
629 4476 659 4539 p.
904 4451 1028 4520 Paulus
1043 4451 1319 4536 Khreusenegm.
1335 4475 1365 4539 p.

508 4559 623 4650 (ps.)
1079 4555 1193 4646 (eh.)
