3030 5416
529 508 622 562 1604.
638 525 697 564 rar.
715 507 766 564 20.
1114 505 1177 567 253

46 679 79 741 ut
94 676 156 742 nlla
172 678 220 743 ita
245 677 450 763 excipiantur
475 683 508 745 et
532 683 786 764 sequestrentur,
811 701 933 764 nosque
958 679 998 746 de
1015 701 1053 746 eo
1069 679 1178 747 admo·

51 805 191 850 reamur.

149 911 222 976 Aut
237 913 265 977 si
282 919 414 997 propter
429 911 622 978 fidelitatem
639 919 696 978 aut
705 911 905 980 benemerita
915 913 1074 998 quaedam
1090 915 1177 979 inter

1 991 3 1005 Ι
45 1015 137 1084 feuda
152 1042 219 1086 non
235 1027 344 1087 essent
359 1021 549 1106 accipienda
565 1027 623 1087 aut
637 1021 847 1106 numeranda,
864 1025 911 1089 ita
926 1029 964 1088 nt
979 1023 1084 1090 tidelis
1100 1043 1174 1088 eum

47 1125 165 1193 infideli
190 1133 249 1196 aut
267 1129 485 1196 benemeritus
501 1153 575 1196 cum
590 1153 656 1196 non
671 1131 874 1198 benemerito
890 1153 956 1198 non
972 1133 1015 1197 sit
1031 1131 1174 1198 eiusdem

47 1237 248 1322 conditionis,
273 1239 308 1304 id
332 1260 460 1324 quoque
485 1239 527 1306 ad
551 1261 611 1306 nos
631 1239 845 1324 perscribant.
860 1239 902 1306 In
917 1241 1031 1326 primis
1047 1259 1123 1306 roro
1138 1241 1173 1304 in

47 1343 224 1412 oaducitate
249 1368 290 1411 ex
316 1346 422 1412 leudis
437 1353 568 1432 postero
593 1353 739 1433 tempore
764 1347 876 1414 sedulo
901 1347 1171 1414 animadvertant

148 1471 254 1558 Super
280 1473 429 1541 omnibus
453 1475 548 1540 bonis
573 1477 703 1559 nostris,
724 1475 863 1560 arcibus,
879 1475 1016 1561 oppidis,
1031 1475 1117 1541 uillis
1134 1495 1173 1539 ac

47 1581 249 1661 pertinentiis
273 1585 459 1668 eorundem,
483 1583 645 1668 rebusque
663 1585 698 1648 in
714 1583 828 1648 iisdem
845 1583 993 1667 inuentis,
1009 1583 1175 1648 existenti·

49 1685 113 1772 bus,
129 1689 191 1756 duo
208 1691 496 1776 correspondentia
510 1693 693 1758 inventaria
709 1690 788 1774 lieri,
805 1697 838 1758 et
854 1713 953 1758 unum
970 1690 1058 1778 apud
1074 1687 1176 1756 offici-

51 1795 130 1861 alem
148 1798 211 1864 loci
226 1799 322 1866 istius
338 1803 371 1866 et
387 1799 526 1866 alterum
542 1799 631 1885 apud
655 1799 857 1866 consiliarios
873 1803 1001 1866 nostros
1018 1799 1176 1865 asservari

50 1904 196 1972 uolumus

150 2032 265 2118 Agant
275 2035 374 2100 etiam
390 2031 451 2100 hoc
467 2031 652 2118 saepefatus
669 2032 812 2098 director
829 2039 862 2098 et
878 2033 1055 2100 consiliarii
1071 2033 1176 2100 nostri

52 2142 372 2226 etquicunquebona
387 2147 501 2208 nostra
516 2142 737 2226 impignorata
752 2141 802 2207 vel
819 2141 885 2208 alio
901 2141 999 2208 titulo
1015 2141 1174 2208 tenebunt

1 2326 2 2334 ἵ
52 2247 97 2311 rel
111 2271 194 2314 nune
210 2255 332 2333 tenent,
348 2255 385 2314 ut
400 2270 439 2314 ea
454 2249 488 2314 in
504 2246 667 2332 aedificiis,
685 2249 860 2317 structuris
876 2255 975 2334 atque
990 2249 1175 2316 munitioni·

53 2351 108 2419 bus
130 2357 291 2424 retineant
317 2361 416 2441 atque
441 2357 641 2442 conservent,
667 2361 700 2422 et
715 2359 742 2422 si
759 2379 843 2443 quae
860 2357 1074 2424 instauranda
1090 2362 1174 2441 sunt,

54 2482 148 2547 neque
163 2469 297 2550 propter
313 2471 461 2551 sumptus
477 2463 655 2532 medioeres
672 2465 792 2532 collabi
808 2465 926 2532 sinant

147 2587 253 2658 Aroes
268 2591 425 2677 Fogaras,
440 2590 689 2676 Mares-Vyrar,
705 2591 865 2678 Engedin,
885 2591 1037 2678 Kysualu
1053 2595 1087 2656 et
1101 2587 1174 2657 Mo

1 2771 2 2774 Ἴ
55 2714 125 2762 nera
147 2721 217 2765 cum
242 2701 451 2784 pertinentiis
476 2699 519 2767 ad
544 2701 782 2767 serenissimam
800 2699 1056 2766 archiduoissam
1073 2699 1173 2766 domi·

1 2848 2 2886 ,
55 2825 119 2872 nam
133 2807 273 2874 Mariam
289 2807 524 2876 (lhristiernam
540 2809 724 2895 patruelem
740 2815 890 2877 nostram
907 2808 1130 2874 charissimam
1141 2813 1174 2874 et

56 2911 121 2980 dote
144 2917 226 2984 bono
252 2923 286 2984 et
312 2939 417 3004 aequo
442 2919 615 3004 pertinere,
631 2917 785 2986 directuri
801 2923 914 2984 nostro
931 2923 965 2983 ot
980 2915 1174 2984 consiliariis

1 3071 2 3126 ζ
58 3025 207 3107 cognitum
227 3029 299 3092 erit.

149 3149 334 3218 Studebunt
342 3152 455 3237 itaque
465 3151 646 3237 diligenter,
656 3157 693 3218 ut
702 3151 943 3218 administratio
963 3155 1173 3218 earumreete

56 3263 183 3340 geratur,
207 3261 235 3325 si
258 3265 435 3344 proventus
459 3259 563 3344 aliqui
588 3259 774 3344 abalienati,
798 3259 1021 3342 restituantur,
1037 3263 1094 3324 aut
1110 3259 1173 3325 sia

1 3381 2 3454 j
57 3365 216 3446 praedictis
241 3369 382 3435 dominis
406 3369 622 3453 pertinentiae
649 3369 810 3454 quaedam
826 3367 970 3436 divulsae
986 3373 1104 3452 essent,
1119 3369 1173 3433 iis·

1 3481 3 3540 l
57 3471 119 3540 dem
140 3477 278 3542 uicissim
303 3477 517 3562 applicentur,
543 3497 616 3542 oum
632 3476 666 3542 in
682 3476 770 3543 hisee
787 3476 908 3543 nostris
924 3475 1034 3558 regnis
1051 3479 1085 3538 et
1099 3495 1173 3558 pro·

4 3663 8 3673 .
58 3581 156 3650 vinciis
171 3585 454 3671 aequivalentibus
469 3583 563 3650 bonis
580 3605 650 3650 eam
667 3583 879 3651 contentandi
896 3583 1024 3650 etbona
1038 3582 1172 3666 istapro

58 3689 137 3758 nobis
166 3693 327 3760 retinendi
358 3693 424 3760 iam
455 3693 546 3760 nulla
576 3691 672 3760 detur
693 3694 819 3762 occasio
844 3692 895 3758 rel
920 3713 989 3758 sese
1021 3687 1173 3756 exhibeat

1 3822 2 3856 z
59 3801 262 3870 commoditas

149 3927 312 3996 Militibus
336 3929 392 4014 qui
408 3933 542 4016 propter
557 3925 777 3994 defensionem
793 3925 978 4011 provinciae
995 3925 1089 3990 istius
1105 3923 1171 3988 iam

59 4037 298 4104 extraordinarie
318 4039 566 4122 intentarentur,
583 4037 623 4102 de
639 4037 800 4103 solutione
816 4034 951 4101 decente
968 4031 1172 4120 expertibus

58 4138 131 4209 hisce
152 4153 286 4232 propter
311 4147 393 4212 alias
408 4147 595 4213 innumeras
612 4147 816 4230 erogationes
831 4143 966 4210 bellicas
982 4143 1119 4228 pecunia
1135 4141 1172 4206 il-

58 4247 102 4316 luc
109 4253 189 4320 mitti
205 4261 264 4322 aut
280 4255 489 4342 suppeditare
504 4260 654 4340 nequeat,
671 4255 718 4320 sio
734 4275 799 4320 non
815 4252 932 4318 minori
949 4273 1028 4318 cura
1043 4249 1172 4315 labora·

1 4355 3 4432 l
57 4354 135 4445 bunt,
156 4369 193 4430 ut
206 4363 366 4430 militibus
382 4365 416 4429 in
433 4361 580 4430 confiniis
596 4361 760 4447 stipendia
775 4359 984 4443 merentibus,
1001 4357 1120 4424 solutio
1138 4362 1171 4421 et

59 4485 170 4536 annona
194 4476 379 4556 competens
400 4472 487 4538 iusto
504 4491 633 4556 quoque
650 4477 805 4556 tempore,
822 4474 979 4554 quantum
995 4465 1065 4532 lieri
1081 4471 1172 4551 pote·

1 4555 3 4591 l

1 4613 2 4650 l

59 4573 102 4658 rit,
123 4577 389 4664 subministretur,
415 4585 448 4646 et
472 4579 613 4646 desertio
638 4579 769 4644 illorum
784 4577 836 4642 vel
851 4577 951 4644 etiam
967 4573 1113 4640 excursio
1130 4571 1172 4640 ad

61 4683 175 4754 miseros
193 4689 326 4757 colonos
341 4690 487 4758 evitetur.
