3032 5418
349 537 416 602 404
723 549 841 598 nnndnrr
858 549 1109 602 casalooritntsar.

457 715 741 782 Duodecimo.
764 715 814 785 Vt
837 716 1003 800 provincia
1029 715 1282 801 Transylvanica
1295 715 1400 799 ubique
1411 714 1447 780 lo

349 846 460 890 corum
485 825 532 889 ita
547 823 703 908 firmetur,
719 845 759 889 ne
775 845 833 908 per
849 845 921 890 eam
936 844 1036 906 regno
1052 823 1244 908 Hungariaa
1268 821 1388 908 aliquod
1407 843 1448 906 pe

349 934 488 1000 ticulum
503 934 670 998 imminere
688 933 799 1018 possit

457 1041 816 1126 Decimoquintc.
839 1041 887 1109 Vt
913 1041 979 1106 sine
995 1041 1159 1125 praescito
1175 1047 1208 1106 et
1224 1058 1450 1107 assensuscao-

350 1171 463 1216 sareae
479 1149 653 1233 regiaeque
669 1150 859 1231 maiestatis,
875 1170 953 1214 suae
969 1149 1154 1214 serenitatis
1170 1157 1203 1214 et
1220 1149 1318 1232 regni,
1331 1146 1376 1211 rel
1388 1145 1450 1230 put

349 1259 412 1324 lice
430 1258 482 1322 vel
499 1258 657 1342 priuatim
672 1257 755 1324 nihil
772 1279 844 1323 cum
861 1257 969 1322 'Purca
985 1262 1114 1341 tractet,
1131 1257 1312 1340 concludat,
1327 1261 1378 1320 aut
1391 1253 1452 1318 sein

349 1365 502 1449 homagio
526 1367 578 1431 vel
603 1365 769 1432 deditione
795 1365 897 1431 eidem
923 1371 981 1430 aut
1006 1365 1082 1450 alijs
1098 1364 1248 1431 hostibus
1263 1387 1286 1430 s
1301 1362 1451 1430 maiestate

351 1493 520 1540 caesareae
545 1475 719 1558 regiaeque
735 1473 928 1556 obstringat.
955 1471 1049 1538 Sicut
1074 1475 1173 1539 etiam
1198 1474 1226 1538 si
1251 1472 1327 1557 quid
1349 1470 1451 1536 ratione

351 1583 440 1665 pacis
465 1581 624 1647 Turcicae
650 1604 723 1647 cum
739 1603 763 1646 s.
779 1581 950 1646 maiestate
967 1601 1119 1648 caesarea
1136 1583 1291 1665 regiaque
1312 1589 1343 1644 et
1357 1599 1407 1644 sua
1419 1599 1453 1641 se

353 1691 493 1754 renitate
517 1687 659 1755 ineunda
684 1690 884 1772 tractaverit,
909 1688 943 1752 id
967 1711 1061 1754 omne
1086 1711 1109 1754 e.
1126 1689 1289 1754 maiestati
1314 1706 1454 1753 caesareae

352 1797 524 1882 regiaeque
535 1803 593 1862 out
604 1799 671 1862 eius
681 1797 852 1862 serenitati
869 1799 1059 1882 tempestive
1076 1795 1206 1862 referat
1222 1795 1334 1881 Atque
1349 1794 1454 1860 omnino

352 1911 452 1988 curet,
477 1910 514 1970 ut
529 1905 572 1969 ad
588 1906 692 1970 minus
709 1909 785 1970 ante
801 1902 899 1969 finem
915 1905 1034 1970 mensis
1049 1903 1164 1990 Martij
1191 1912 1250 1970 aut
1266 1903 1396 1988 Aprillis
1416 1901 1455 1965 de

353 2013 565 2079 clarationem
575 2013 676 2098 ipsius
686 2011 813 2078 Turcae
829 2013 984 2096 obtineat,
995 2032 1058 2096 quo
1069 2010 1194 2096 aliquid
1209 2012 1250 2076 de
1265 2033 1344 2096 pace
1358 2031 1419 2074 cum
1428 2027 1456 2071 eo

353 2120 574 2186 concludenda
599 2121 680 2186 certi
705 2120 818 2186 haberi
844 2122 955 2205 possit,
980 2127 1078 2204 prout
1094 2120 1243 2186 similiter
1259 2121 1355 2186 etiam
1370 2141 1390 2184 s
1403 2137 1454 2182 ns·

354 2230 454 2294 iestas
479 2249 632 2294 caesarea
649 2230 802 2312 regiaque
828 2228 867 2293 de
896 2227 1037 2293 Turcica
1052 2249 1133 2313 pace
1149 2249 1222 2293 cum
1237 2227 1385 2313 Boczlmy
1400 2245 1457 2289 con-

353 2337 444 2402 feret.

459 2445 501 2509 In
516 2443 579 2509 fine
596 2445 694 2510 etiam
710 2449 871 2510 tractatus
886 2445 950 2510 ista
966 2444 1094 2510 adiecta
1110 2451 1203 2510 sunt:

459 2569 506 2636 Et
531 2572 558 2636 si
583 2593 656 2637 cum
682 2569 790 2637 Turca
814 2591 880 2656 pax
905 2570 1043 2637 honesta
1067 2571 1217 2638 concludi
1237 2593 1302 2637 non
1317 2571 1460 2656 possetet

352 2679 414 2763 ipsi
425 2677 553 2744 'lurcae
569 2679 807 2744 conditionibus
823 2677 1047 2745 inhaererent:
1064 2677 1198 2744 Extunc
1213 2678 1389 2745 coniunctis
1403 2673 1460 2740 riri·

353 2788 414 2854 bus
440 2807 512 2852 cum
537 2787 640 2852 milite
662 2810 685 2853 s.
702 2808 872 2853 caesareae
888 2789 1061 2871 regiaeque
1077 2788 1257 2852 maiestatis
1274 2793 1382 2854 contra
1396 2803 1460 2860 eun,

353 2903 391 2961 ut
407 2915 609 2962 communem
626 2893 795 2960 christiani
810 2897 949 2962 nominis
969 2901 1002 2962 et
1016 2897 1144 2979 patriae
1159 2894 1296 2980 hostem,
1310 2893 1461 2962 secundun

353 3003 485 3070 decreta
494 3009 528 3069 et
537 3005 784 3070 constitutiones
800 3005 892 3088 regni
907 3004 980 3088 pari
995 3003 1167 3069 alacritate
1182 3009 1216 3069 et
1230 2999 1461 3089 promptitudine

354 3113 477 3196 absque
501 3113 571 3178 ulla
596 3113 865 3195 tergiversatione
889 3111 931 3177 ad
956 3111 1203 3177 contestandam
1219 3133 1330 3179 eorum
1345 3107 1461 3176 fidelita-

354 3228 421 3286 tem
445 3219 630 3305 procedent.
657 3215 754 3302 Quod
779 3221 806 3285 si
830 3240 906 3286 uero
931 3241 1022 3285 secus
1046 3217 1149 3303 fieret,
1174 3227 1295 3287 extunc
1310 3213 1461 3286 omnesilli

355 3328 553 3395 contrarium
578 3327 734 3392 facientes
759 3349 797 3394 eo
813 3329 883 3412 ipso
900 3333 1012 3393 notam
1028 3332 1205 3412 perpetuae
1220 3327 1413 3395 infidelitatis
1426 3324 1462 3388 in·

354 3442 497 3503 currant

460 3541 532 3608 Neo
557 3542 838 3628 praetereundum,
855 3543 943 3628 quod
958 3544 992 3608 in
1008 3549 1078 3610 toto
1094 3549 1241 3610 tractatu
1256 3566 1317 3630 pro
1332 3537 1463 3624 uraniu-

354 3651 446 3719 ranis
471 3657 505 3716 et
523 3671 661 3736 persona
676 3659 789 3717 nostra
804 3653 894 3717 nulla
909 3673 1043 3736 prorsus
1060 3654 1310 3719 aesecuuationis
1325 3661 1357 3719 et
1371 3647 1463 3717 affida-

354 3761 460 3845 tionis,
486 3758 584 3846 (quae
610 3766 709 3845 caput
736 3765 820 3826 esset
835 3758 906 3846 rei),
921 3760 1042 3826 mentio
1058 3758 1105 3843 fit,
1121 3760 1240 3844 quibus
1257 3759 1465 3833 certificarent,

354 3869 503 3934 admissis
528 3869 579 3933 his
604 3867 751 3932 articulis
770 3872 803 3931 et
819 3865 1085 3950 conclusionibus,
1101 3867 1240 3934 foederis
1256 3876 1290 3936 et
1305 3871 1392 3954 pacis
1407 3883 1465 3930 can·

356 3973 495 4042 ditiones
521 3998 560 4042 ex
584 3975 733 4062 partibus
749 3995 773 4040 s.
790 3995 960 4040 caesareae
974 3976 1149 4060 regiaeque
1164 3977 1346 4044 maiestatis
1359 3983 1390 4043 ot
1404 3988 1465 4040 suae

356 4085 539 4151 serenitatis
555 4083 785 4152 inuiolabiliter
803 4083 1022 4150 observandas
1039 4083 1117 4151 fore.
1123 4085 1148 4174 ¹)
1488 4089 1489 4092 ’

463 4207 631 4292 Melyelret
652 4209 701 4294 jol
725 4209 1004 4293 megrumindlvan
1029 4213 1063 4275 es
1083 4211 1213 4277 hanrin
1228 4214 1352 4298 vetvtn,
1366 4207 1466 4296 parlim

356 4315 390 4381 in
405 4315 541 4400 priuatis
566 4317 719 4402 consilijs,
745 4317 866 4402 partim
890 4319 924 4384 in
948 4318 1095 4404 publicis,
1114 4321 1380 4406 meggondolvtn,
1394 4310 1467 4384 mind

359 4425 456 4509 ennyi
480 4423 595 4492 udttol
628 4423 747 4509 logutn
771 4426 844 4493 valo
869 4425 1186 4495 veszedelmeteknek
1221 4429 1296 4495 olrai
1320 4417 1490 4495 micsodtl

468 4641 488 4701 ¹)
501 4639 542 4690 Aa
565 4641 641 4692 Orsa.
658 4643 716 4692 Art
738 4642 925 4708 Barcssyddle
944 4643 1138 4709 perdanyabun
1161 4660 1278 4712 maguae
1301 4659 1361 4696 eme
1381 4637 1489 4710 portel*

358 4727 481 4795 sgykorui
494 4745 609 4795 magyar
621 4731 762 4782 sorditiae.
