3062 5414
529 423 623 479 1601.
639 443 700 478 οιτ.
718 425 747 481 5.
1153 423 1215 484 103

81 598 114 660 in
142 596 256 662 amicis
286 597 540 680 consanguineis,
571 599 605 660 ot
635 596 799 679 provincia
830 597 911 662 satis
945 597 1138 682 vindicavit,
1166 601 1215 666 ita

1 698 2 701 ¹
83 709 117 770 ut
148 705 258 770 iacula
291 705 324 769 in
361 706 443 772 alios
473 707 609 789 intenta,
651 707 788 790 seipsam
830 707 992 772 laeserint
1023 705 1215 774 Provinciae

83 819 188 878 autem
223 815 415 882 iniuriarum
448 815 593 882 vindicta
626 815 717 879 nulla
748 835 817 881 esse
848 817 964 900 potnit,
995 817 1101 882 minus
1131 817 1213 882 iniu-

81 923 135 986 ria
151 920 322 1006 Siquidem
337 924 428 991 illam
438 923 604 990 aTurcico
620 922 748 988 loedere
765 925 944 1008 imperator
959 925 993 990 ui
1009 947 1073 990 non
1090 925 1215 992 abstra-

80 1031 133 1105 xit,
157 1052 264 1116 neque
289 1031 493 1116 postmodum
520 1056 540 1099 a
555 1033 732 1097 serenitate
748 1037 856 1098 vestra
871 1034 970 1098 toties
986 1039 1100 1117 sponte
1116 1036 1215 1118 resig-

80 1145 206 1222 natam,
230 1141 407 1208 ditionibus
432 1143 499 1208 suris
529 1143 664 1208 invitam
696 1141 822 1207 adiecit
857 1139 1071 1208 Admonitam
1102 1149 1211 1208 autem

79 1245 174 1312 fnisse
194 1249 331 1314 eandem
362 1253 431 1316 siue
455 1252 692 1334 legationibus,
718 1249 901 1335 beneficijs,
926 1252 1117 1334 clementia,
1143 1253 1211 1316 siue

79 1353 160 1420 ferro
185 1357 229 1421 ob
255 1363 306 1423 tot
321 1361 492 1424 commissa
509 1359 653 1444 periuria
669 1365 702 1423 et
726 1359 925 1442 periculosas
949 1360 1020 1424 orbi
1036 1361 1215 1426 christiano

79 1461 283 1548 delectiones,
316 1468 381 1532 sive
406 1469 542 1550 iniuria,
574 1474 682 1532 vestra
707 1469 864 1533 serenitas
890 1473 924 1532 et
948 1469 1114 1551 provincia
1140 1489 1215 1533 con·

79 1575 166 1654 queri
199 1595 265 1640 non
288 1579 405 1658 potest.
431 1573 467 1640 Si
492 1597 567 1640 vero
591 1575 650 1640 hos
675 1575 804 1640 labores
831 1580 864 1640 et
880 1575 1025 1658 pericula
1041 1597 1100 1660 pro
1117 1583 1214 1660 gente

1 1673 2 1680 ἵ
79 1680 272 1764 Hungan'oa
296 1685 456 1748 serenitas
475 1690 585 1748 vestra
609 1682 752 1749 humeris
769 1686 836 1749 suis
851 1685 998 1769 imponit,
1015 1709 1113 1769 quam
1128 1685 1214 1752 sorte

1 1787 2 1790 ’
81 1811 118 1854 ex
133 1792 308 1875 tyrannide
319 1791 500 1858 'furcarum
512 1792 637 1876 eripere
649 1792 824 1874 contendit,
834 1814 898 1858 non
913 1793 1041 1858 videtur
1051 1789 1132 1859 haec
1141 1800 1215 1860 tuta

79 1899 126 1963 via
140 1900 183 1964 ad
209 1903 279 1966 eins
295 1901 482 1966 libertatem
498 1900 742 1966 restituendam.
760 1899 928 1984 Siquidem
945 1899 1120 1984 Hungaria
1136 1903 1213 1968 olim

1 2048 2 2051 =
79 2007 381 2092 terrorll‘uroarum,
391 2009 477 2093 apud
488 2032 569 2094 quos
586 2009 627 2076 ob
638 2009 790 2074 militaris
801 2007 991 2091 disciplinae
1008 2009 1210 2076 celeritatem

78 2137 201 2200 semper
218 2116 331 2182 odiosa
347 2125 405 2200 est,
422 2140 485 2182 non
501 2118 657 2183 societate
668 2123 701 2180 et
718 2114 1002 2200 loedereTurcieo,
1019 2116 1076 2181 sed
1091 2118 1213 2182 virtute

1 2279 2 2287 ,
77 2227 183 2307 potius
209 2233 244 2290 et
268 2225 462 2293 fortitudine
482 2227 637 2292 alacriter
663 2230 776 2292 contra
802 2227 887 2308 ipsos
913 2247 985 2290 cum
1012 2226 1086 2310 alijs
1112 2226 1212 2292 chris-

79 2335 171 2400 tianis
196 2339 357 2418 suscepta,
382 2335 575 2400 defenditur.
602 2333 807 2400 Transilvani
834 2333 964 2417 quidem
990 2332 1032 2399 ad
1063 2335 1113 2398 sui
1139 2357 1212 2399 con-

79 2445 308 2509 seruationem
342 2443 405 2510 hoo
436 2465 563 2528 semper
594 2443 745 2525 medium,
777 2443 827 2507 cui
860 2464 917 2506 nos
949 2463 1076 2526 semper
1107 2443 1208 2508 recla-

1 2601 2 2608 κ
78 2553 236 2618 mouimus
260 2559 387 2618 vestrae
408 2553 575 2618 serenitati
595 2556 840 2637 proposuerunt
861 2548 944 2618 Oum
959 2551 1076 2618 Turcis
1095 2573 1208 2636 pacem

1 2695 2 2704 κ
78 2660 500 2743 continuandam'l'urcioas
516 2663 609 2745 vires,
619 2662 748 2726 unicam
765 2683 833 2726 esse
850 2661 966 2726 salutis
982 2662 1078 2726 uiam.
1095 2659 1160 2727 Sed
1178 2663 1212 2726 in

78 2767 135 2833 hac
160 2791 293 2853 qnoque
309 2775 415 2852 antea,
432 2791 529 2853 quam
544 2771 607 2855 ipsi
624 2776 810 2836 constantes
826 2771 913 2834 inter
929 2791 962 2834 se
978 2767 1109 2854 luerint,
1125 2793 1210 2836 sere·

1 2877 2 2880 ’
78 2879 159 2942 nitas
185 2882 296 2944 vestra
321 2877 518 2942 recordetur.
544 2875 650 2960 Quam
676 2879 775 2943 etiam
791 2877 969 2962 principem
986 2883 1019 2942 et
1035 2879 1208 2962 imperato-

1 3054 2 3069 ,
78 3008 141 3050 rem
166 2987 318 3070 diligant,
344 3009 425 3071 quos
450 3009 523 3052 oum
540 2985 671 3052 fortuna
687 2991 884 3070 sequnntur:
901 2987 1024 3052 uictum
1041 2986 1205 3050 dominum

79 3099 333 3179 persequuntur:
359 3095 474 3160 victori
500 3093 652 3177 gaudent,
679 3093 755 3158 dnm
781 3093 912 3158 fortuna
931 3091 1030 3176 lauet,
1046 3094 1102 3159 ille
1119 3094 1208 3160 incli-

1 3214 2 3284 l
80 3208 172 3266 nante
198 3204 297 3286 pauci
321 3201 491 3267 honestam
516 3208 661 3282 mortem,
687 3201 781 3267 multi
798 3207 907 3266 autem
924 3201 1024 3266 vitam
1040 3202 1209 3284 ignomini-

1 3373 2 3382 ,
78 3332 163 3376 osam
190 3312 326 3394 eligunt.
352 3310 495 3376 Invicem
521 3309 673 3394 produnt,
699 3317 732 3373 et
757 3309 938 3374 communia
963 3310 1086 3374 scelera
1102 3315 1161 3376 aut
1177 3311 1210 3374 in

1 3463 2 3467 =
79 3421 255 3504 prinoipem
281 3421 494 3502 innocentem,
511 3425 569 3484 aut
594 3419 628 3484 in
646 3417 803 3502 quosdam
822 3418 969 3502 priuatos
995 3415 1209 3484 transferunt.

1 3591 2 3594 ,
78 3525 169 3594 Nune
201 3551 332 3614 quoquo
364 3551 397 3593 se
429 3534 585 3594 excusant
609 3549 717 3594 coram
742 3527 918 3592 victoribus
938 3527 1093 3592 nonnulli.
1111 3523 1206 3610 Quod

1 3621 2 3702 J
78 3640 244 3719 pecuniam
254 3660 314 3722 pro
331 3638 417 3704 ballo
434 3645 548 3702 contra
564 3635 688 3702 'Puroas
705 3659 768 3700 non
785 3635 966 3718 habuerint,
983 3635 1071 3718 quod
1086 3635 1205 3701 milites

1 3787 2 3792 κ
79 3747 107 3810 in
131 3753 181 3812 tot
197 3746 458 3831 expeditionibus
475 3744 694 3812 occubuerint.
709 3745 917 3810 Provinciam
933 3766 1002 3808 esse
1019 3743 1209 3814 desolatam,

78 3859 237 3922 aerarium
247 3857 450 3939 exhaustum,
460 3855 658 3940 provinciam
669 3877 737 3919 esse
748 3857 780 3920 in
790 3854 938 3920 saucibus
948 3853 1099 3919 hostium.
1110 3853 1211 3920 Prae-

1 3971 2 3998 ³
78 3970 172 4049 terea,
188 3967 276 4052 qnod
287 3967 472 4032 serenitatis
482 3971 608 4030 vestrae
618 3964 784 4030 reuocatio
795 3969 828 4028 et
845 3967 912 4028 tam
923 3963 1027 4046 turpis
1044 3983 1064 4027 a
1080 3984 1210 4028 caesare

1 4144 2 4148 Ἰ
78 4073 418 4156 delectio,authoribus
429 4077 557 4138 tantum
565 4073 691 4156 aliquot
701 4071 956 4137 nobilibuslaota
966 4069 1136 4135 fueritIta
1144 4071 1209 4136 iam

1 4231 2 4236 1
78 4187 108 4246 et
130 4189 271 4248 vestram
296 4183 504 4247 serenitatem
530 4187 562 4246 et
588 4203 664 4247 suae
690 4179 840 4246 fortunae
866 4179 1036 4261 studiosos,
1060 4177 1209 4244 omnibus

1 4299 2 4363 ἱ
78 4292 225 4376 conuitijs
249 4297 498 4376 prosequuntur.
525 4287 642 4356 Nonne
668 4289 717 4356 his
743 4289 891 4355 omnibus
918 4294 1026 4354 vestra
1052 4289 1208 4354 serenitas

1 4409 2 4494 ζ
78 4401 181 4481 potius
206 4423 240 4466 se
265 4421 420 4466 excusare
439 4397 576 4485 posset?
595 4399 646 4464 Ex
664 4397 783 4483 Opalia
799 4399 956 4464 serenitas
972 4402 1082 4462 vestra
1097 4396 1210 4482 redijt,

1 4505 2 4530 ³
78 4507 156 4574 sorte
165 4513 204 4576 ut
213 4509 441 4596 patrimonium
455 4515 581 4576 tantum
593 4515 818 4596 consequatur,
835 4531 855 4573 a
870 4508 997 4573 nemine
1014 4511 1102 4575 certe
1112 4527 1206 4576 noca·
