3100 5420
534 515 627 578 1607.
644 542 701 580 vsu.
720 519 770 578 26.
1150 513 1216 579 445
1331 580 1333 591 ‚

94 701 184 761 testet
201 694 413 777 elinditaudlr,
430 697 520 760 azert
529 693 645 778 kerjtilr
661 697 680 759 d
697 698 886 779 nagystgdt,
905 695 1102 781 mindjtrtst
1118 695 1217 778 vegbe

93 807 179 890 vigye
194 825 231 868 az
247 807 266 869 6
283 803 474 888 hegyelmek
490 803 742 888 deliberatiojat

191 911 261 978 Nos
285 913 396 996 itaque
411 913 591 996 praemissa
616 912 853 996 supplicatione
878 911 1038 978 dictorum
1070 912 1213 978 domino·

92 1043 159 1086 rum
173 1041 346 1104 procerum
371 1041 410 1086 ao
435 1019 601 1103 nobilium,
627 1021 830 1105 aliorumque
855 1021 1005 1086 ordinum
1032 1020 1132 1086 trium
1158 1041 1215 1084 na-

93 1131 211 1194 tionum
226 1129 366 1212 praefati
398 1130 490 1213 regni
501 1127 755 1215 Transylvaniae
772 1130 949 1196 clementer
959 1130 1109 1212 admissa,
1125 1151 1217 1213 prae-

92 1239 199 1302 missos
214 1239 380 1304 universos
397 1237 553 1304 articulos
579 1238 675 1304 modo
700 1239 923 1323 praeallegato
948 1239 1041 1305 nobis
1066 1259 1215 1323 praesen·

27 1417 33 1430 ,
93 1351 188 1429 totos,
225 1347 453 1432 praesentibus
484 1348 602 1414 litteris
635 1349 755 1413 nostris
796 1346 835 1412 de
875 1345 972 1414 verbo
1012 1346 1055 1412 ad
1085 1347 1218 1414 verbum

18 1471 19 1476 ’
93 1455 192 1538 maeri,
208 1461 241 1520 et
255 1455 389 1522 inscribi
404 1455 548 1540 fecimus,
574 1456 777 1540 eosdemque,
794 1456 902 1522 omnia
917 1463 950 1521 et
966 1455 1094 1539 singula
1110 1456 1143 1521 in
1160 1455 1218 1520 eis-

18 1605 20 1630 ;
93 1563 161 1628 dem
176 1570 331 1631 contenta
346 1568 436 1631 ratos
446 1569 567 1649 gratos,
584 1563 937 1648 etacceptahabentes,
948 1563 1062 1628 iisdem
1072 1569 1219 1630 nostrum

94 1693 275 1738 consensum
290 1673 481 1739 benevolum
495 1673 620 1756 pariter
639 1679 673 1738 et
688 1693 853 1737 assensum
869 1671 1077 1756 praebuimus
1094 1678 1128 1738 et
1143 1673 1217 1737 illos

93 1788 124 1845 et
147 1783 275 1866 quaevis
300 1783 334 1846 in
359 1782 406 1846 eis
431 1785 593 1866 contenta,
622 1781 853 1866 gubernatoris
879 1785 993 1847 nostra
1018 1780 1218 1846 authoritate

18 1883 20 1966 J
94 1891 333 1976 acceptavimus,
360 1889 619 1975 approbavimus,
644 1889 884 1972 ratificavimus
910 1894 942 1955 et
959 1887 1219 1955 confirmavimus

19 2073 20 2076 Ἴ
94 2005 201 2064 ettam
217 2018 275 2062 nos
291 1995 353 2080 ipsi
363 1995 614 2080 observabimus,
625 2019 723 2080 quam
742 2018 800 2081 per
816 1997 905 2078 alios,
917 2017 1053 2080 quorum
1070 1997 1214 2082 interest,

18 2195 20 2200 Α
95 2106 254 2172 observari
270 2103 415 2170 facimus
431 2103 556 2172 Datum
572 2104 781 2190 Claudiopoli
796 2105 830 2170 in
850 2106 990 2170 comitiis
1015 2105 1220 2191 partialibus,

18 2261 20 2268 .
96 2215 144 2280 die
159 2219 191 2280 et
206 2235 291 2281 anno
308 2236 406 2300 supra
422 2215 554 2300 notatis,
572 2219 623 2280 22.
640 2213 718 2280 Jan.
737 2218 831 2280 1607.

18 2317 19 2326 ’
617 2321 843 2407 sigismundus
859 2323 1011 2411 Rahoczy
1027 2347 1067 2389 m.
1083 2347 1112 2408 p.

18 2491 19 2498 ³
195 2471 350 2548 (Eredetijc
369 2476 451 2548 Nagy
469 2475 635 2532 Saebcnben
652 2477 693 2534 dr.
709 2476 835 2532 Teutseh
851 2477 908 2549 Gy.
935 2475 1170 2548 superintendens
1186 2496 1220 2534 ur

18 2563 20 2646 ζ
98 2563 281 2636 birtohdban.)

589 2777 718 2848 XLVI.

522 2928 617 2991 1607.
635 2925 720 3009 jan.
738 2929 789 2990 26.

180 3079 219 3132 Aa
242 3081 346 3150 erdc‘lpi
359 3081 544 3152 ‹vrsedqppiilda
559 3081 722 3148 Iludolsaul·
733 3099 742 3132 :
751 3079 1042 3148 sejedcleurrdluazldoi
1050 3079 1130 3148 ιφὀράί

534 3171 593 3224 beru
611 3172 777 3236 lbrslrvrlalai.

196 3302 424 3371 Sacratissirua
443 3303 664 3370 Romanorum
688 3325 839 3370 caesarea
855 3302 1013 3369 Maiestas
1030 3308 1089 3370 etc.
1106 3303 1222 3368 Humi·

101 3408 171 3475 lium
187 3411 415 3496 obsequiorum
434 3418 618 3478 nostrorum
637 3417 696 3478 etc.
714 3411 921 3478 oblationem.

197 3519 366 3604 Temporis
391 3520 552 3586 brevitate
578 3521 791 3586 asolenniori
808 3521 973 3604 legatione
992 3520 1139 3601 exclusis
1156 3520 1222 3604 epi-

18 3641 20 3644 ·
101 3625 184 3710 stola,
208 3649 289 3693 sacr.
315 3631 349 3692 et
367 3628 578 3694 invictissime
597 3629 783 3713 imperator,
810 3627 966 3693 utendum
984 3627 1078 3692 nobis
1095 3625 1165 3709 suit,
1182 3625 1221 3690 de
1263 3670 1264 3674 =

102 3751 157 3812 quo
180 3734 213 3798 iu
229 3733 345 3818 primis
361 3735 485 3800 veniam
502 3734 669 3800 humilima
684 3757 864 3819 precamur.
881 3733 957 3800 Non
975 3735 1120 3818 ignotum
1137 3733 1221 3798 arbi-

18 3853 20 3870 *
101 3843 213 3906 bamur
228 3865 298 3908 esse
324 3864 404 3908 saer.
423 3841 484 3908 Mu
516 3843 598 3912 Vane
618 3845 854 3909 serenissimum
872 3843 1037 3908 dominum
1054 3849 1086 3907 et
1102 3842 1221 3926 prinei-

101 3967 164 4029 pem
193 3956 339 4016 nostrum
374 3949 575 4036 Stephanum
605 3951 755 4035 Bocslray
782 3957 841 4016 etc.
873 3957 1033 4036 perpetua
1064 3951 1222 4016 memoria

101 4053 220 4139 dignum
237 4065 375 4124 naturae
394 4082 527 4143 pensum
544 4061 729 4144 persolvens
746 4059 787 4125 ad
804 4061 976 4125 coelestem
994 4081 1033 4123 cx
1049 4059 1111 4124 hae
1127 4060 1220 4124 mise-

102 4163 210 4232 riamm
220 4168 304 4234 valle
315 4169 543 4252 commigrasse
554 4167 810 4254 patriamssuius
821 4167 1147 4234 immaturusanobis
1159 4167 1221 4233 dis·

103 4291 198 4341 cessus
212 4279 245 4342 iu
263 4299 344 4360 quos
360 4299 511 4364 morosos,
528 4301 622 4344 curas
640 4284 672 4343 et
688 4279 867 4344 anxietates
884 4280 1066 4362 coniecerit,
1083 4276 1222 4361 quilibet

105 4382 242 4450 cordatus
253 4391 342 4451 recte
351 4385 516 4470 intelligit.
528 4383 609 4452 Oum
626 4387 736 4471 itaque
753 4387 793 4451 de
809 4385 1049 4452 suecessoribus
1066 4386 1222 4469 eligendis

104 4495 132 4551 et
149 4495 286 4576 exequiis
303 4516 362 4578 pro
383 4493 543 4578 dignitate
563 4494 770 4560 instituendis
789 4495 907 4578 iugiter
924 4496 1110 4578 cogitemus,
1126 4493 1221 4558 Mum

105 4592 186 4661 vrum
211 4602 367 4669 Summam
388 4605 488 4669 veluti
513 4605 644 4670 unicum
671 4604 922 4670 christianitatis
951 4604 1097 4668 columen
1115 4603 1155 4667 de
1170 4603 1222 4668 his

106 4711 438 4778 commonefaciendum
455 4735 552 4802 opere
568 4714 712 4798 precium
730 4735 798 4778 esse
814 4713 972 4795 duximus,
990 4735 1062 4777 euru
1079 4715 1116 4774 ut
1133 4711 1220 4777 debi-
