3032 5418
347 546 411 604 390
725 555 844 602 santum
864 553 1118 603 ossaloeriiusses.

347 721 512 804 ditionem,
538 721 565 786 si
591 719 765 786 necessitas
790 719 1015 803 postulaverit,
1032 720 1212 804 peroptime
1228 722 1327 786 sciunt
1340 719 1440 784 reterre

346 831 418 914 Ego
444 831 490 895 nil
515 829 606 895 alind
630 833 761 913 praeter
792 827 880 912 quod
899 851 1039 914 aequum
1055 834 1089 893 et
1104 830 1226 894 iustum
1241 835 1296 910 est,
1310 828 1442 906 desider03

347 941 412 1005 ism
437 939 518 1004 nihil
543 938 657 1022 habeo,
673 937 782 1002 omnia
798 959 900 1021 usque
917 937 960 1003 ad
976 941 1157 1003 extremum
1173 959 1270 1022 penes
1286 936 1443 1002 fidelitatem

347 1069 425 1114 suae
449 1047 632 1112 maiestatis
656 1052 690 1112 et
714 1046 879 1112 servitium
908 1047 1018 1128 amisi;
1044 1046 1244 1130 impossibile
1259 1053 1366 1127 temen,
1379 1042 1444 1127 qnod

348 1179 408 1223 sua
431 1157 585 1222 maiestas
610 1177 692 1221 caes.
719 1160 845 1220 certum
861 1153 997 1239 aliquod
1013 1153 1115 1220 nollet
1131 1153 1300 1238 prouidere
1315 1159 1343 1219 et
1356 1174 1398 1218 me
1410 1152 1444 1216 sio

349 1265 581 1350 derelinquere,
606 1271 643 1330 ut
667 1266 702 1329 in
717 1271 789 1330 tota
805 1264 1047 1330 christianitate
1064 1266 1248 1348 exemplum
1264 1285 1357 1330 essem
1370 1261 1445 1328 onni-

349 1372 427 1452 bus;
444 1371 650 1438 considerent
665 1372 778 1456 itaque
794 1371 877 1436 bene
893 1371 1009 1436 illustr.
1027 1370 1264 1437 dominationes
1279 1378 1397 1453 restrae,
1409 1377 1446 1434 ut-

349 1500 422 1544 rum
447 1500 506 1545 sua
531 1480 683 1544 maiestas
699 1500 739 1543 ex
755 1479 905 1544 manibus
920 1480 1000 1544 meis
1017 1500 1125 1545 arcem
1142 1477 1254 1564 Gislu,
1269 1481 1303 1545 in
1319 1481 1396 1546 cuius
1409 1477 1448 1543 do

349 1587 447 1653 minio
472 1586 528 1671 fui,
554 1588 656 1654 donec
681 1588 752 1654 loco
770 1610 917 1654 meorum
933 1588 1095 1654 bonorum
1110 1591 1263 1674 aequalis
1279 1589 1400 1655 daturus
1413 1587 1449 1666 sil,

349 1703 382 1761 et
407 1695 447 1762 de
473 1696 599 1762 damnis
622 1698 790 1780 perpensis
815 1703 1065 1764 contentaturus
1090 1703 1200 1782 potest
1225 1719 1266 1763 ne
1282 1694 1451 1776 eximere;si

350 1827 401 1870 me
412 1809 601 1870 contentum
611 1804 726 1871 reddet
742 1827 801 1870 sus
816 1806 970 1871 maiestas
987 1807 1139 1872 immunis
1155 1829 1225 1872 esse
1240 1808 1312 1873 volo
1327 1830 1347 1871 a
1360 1803 1451 1884 Gieh,

351 1914 413 1978 hac
423 1912 463 1977 de
479 1935 514 1977 re
531 1914 714 1998 supplicare
730 1914 818 1980 volui
833 1915 1061 1979 illustrissimis
1078 1914 1349 1980 dominationibus
1363 1911 1453 1978 uestris

351 2045 391 2088 ac
406 2021 570 2086 maiestati
587 2021 717 2088 domino
733 2043 805 2087 meo
823 2023 1083 2089 clementissimo.

458 2145 566 2211 Illust.
583 2145 859 2214 dominationibus
874 2149 990 2216 vestris

1044 2256 1180 2322 servitor
1196 2256 1408 2341 paratissimus

998 2363 1195 2432 Pancratius
1221 2363 1368 2453 semper
1388 2383 1456 2444 mp

459 2497 600 2551 little-rim:
625 2497 828 2552 Illustrissimis
854 2498 975 2553 dominis
1000 2516 1072 2553 sacr.
1098 2516 1171 2554 caes.
1188 2517 1247 2570 reg.
1265 2497 1409 2555 maiestatis
1420 2512 1457 2550 ao·

352 2586 397 2640 lae
422 2603 549 2642 camerae
574 2586 750 2656 consiliariis,
776 2588 897 2644 dominis
914 2588 982 2644 mihi
998 2606 1110 2661 semper
1125 2589 1385 2646 observandissime
1399 2583 1458 2640 exhi-

352 2677 482 2732 beantur.

843 2782 992 2857 (Eredeti.)

912 3011 946 3095 b)

461 3171 798 3238 Sacratissimaecaes
809 3195 874 3257 reg.
891 3173 1078 3242 Maiestatis
1095 3175 1218 3242 domini
1232 3178 1335 3243 nostri
1351 3175 1464 3241 elemen-

354 3281 470 3347 tissimi
494 3283 623 3348 nomine
648 3282 792 3347 eiusdem
817 3305 894 3350 suae
913 3285 1096 3352 maiestatis
1112 3287 1299 3354 consiliario
1315 3280 1464 3369 magnifico

254 3456 258 3466 ,
355 3389 485 3456 domiuo
510 3387 691 3474 Pangratio
717 3389 855 3477 Senniey
880 3392 921 3458 de
940 3393 1115 3481 Kisseniey
1130 3396 1219 3463 hisce
1234 3397 1371 3481 benigno
1385 3391 1466 3476 sigui·

354 3495 525 3563 ficandum.

463 3619 685 3688 Praelibatsm
710 3645 802 3688 susm
827 3625 1031 3692 maiestatem
1056 3649 1096 3692 111
1121 3631 1260 3713 supplici
1285 3630 1392 3696 libello
1405 3629 1468 3691 ante

355 3733 419 3798 hoc
443 3729 589 3796 exhibito
615 3729 791 3796 clementer
815 3731 1025 3820 intellexisse,
1051 3737 1195 3821 qualiter
1219 3738 1326 3822 primo
1343 3732 1468 3803 donatio

356 3841 446 3904 nales
461 3839 535 3904 illas
549 3859 607 3922 per
622 3837 828 3921 magnificum
843 3861 921 3905 suae
936 3842 1117 3909 maiestatis
1134 3844 1353 3910 consiliarium
1368 3844 1469 3909 locum·

357 3952 521 4012 tenentem
546 3947 706 4012 exereitus
730 3947 765 4012 in
789 3945 964 4032 Hungaria
988 3953 1171 4034 generalem
1196 3953 1361 4018 dominum
1384 3947 1470 4017 Geor·

358 4055 446 4137 gium
470 4053 575 4120 Basta
591 4057 741 4120 comitem
756 4057 791 4121 in
806 4055 898 4122 Hust
913 4079 1010 4142 super
1026 4081 1102 4126 arce
1117 4057 1220 4126 Gialu
1236 4069 1269 4127 et
1285 4055 1471 4146 pertinentiis

358 4161 419 4247 ipsi
445 4159 549 4244 datae,
573 4169 722 4246 respectu
746 4165 925 4248 praestitae
949 4163 1120 4235 fidelitatis
1145 4191 1223 4236 suae
1239 4177 1273 4236 et
1289 4166 1471 4237 constantiae

359 4269 613 4352 amissorumque
637 4269 796 4337 bonorum
812 4279 844 4338 et
859 4275 1099 4358 resignatorum
1116 4277 1321 4345 subditorum
1336 4275 1472 4346 Siculics·
1512 4263 1514 4368 ζ

359 4378 439 4443 lium
463 4377 514 4441 vel
539 4375 728 4444 confirmare
752 4387 811 4447 aut
835 4382 970 4448 eandem
985 4387 1147 4470 tantisper
1161 4387 1340 4454 inscribere
1355 4383 1472 4452 deniae

360 4485 499 4570 petierit,
524 4483 625 4552 donec
650 4488 867 4573 quadraginta
892 4491 981 4558 mille
1006 4493 1139 4559 thalleri
1155 4495 1217 4561 sibi
1232 4496 1285 4562 vel
1299 4491 1473 4562 haeredibus
1511 4501 1514 4586 j

360 4593 426 4659 suis
451 4593 485 4657 in
510 4597 633 4676 paratis
658 4597 873 4682 exsolvantur,
899 4601 948 4665 vel
974 4601 1060 4668 bona
1076 4603 1142 4668 alia
1157 4605 1363 4688 assignentur
1377 4608 1407 4667 et
1420 4605 1472 4663 trs·
1512 4621 1513 4640 ¹

361 4702 489 4769 dantur.
1512 4707 1513 4710 '
