3030 5416
323 507 388 568 250
696 516 814 565 notan
832 515 1076 566 omtoovtutm

429 683 521 750 Iera
545 703 676 767 quoque
700 683 945 766 tricesimamm,
978 685 1006 748 si
1031 705 1098 769 qua
1128 685 1236 750 miuus
1270 687 1452 770 opportuna

322 801 428 875 erunt,
444 793 509 858 alio
534 791 712 858 bausierre
736 813 776 858 ao
799 812 884 856 nora
899 813 1038 876 quoque,
1062 791 1119 858 ubi
1134 813 1216 877 epus
1242 794 1314 876 erit,
1338 800 1449 858 nostro

322 921 458 966 assensu
472 899 602 983 praerio
616 899 788 964 instituere
803 897 932 964 debent

428 1005 463 1072 A
478 1005 1055 1073 ffioenmatoritmsaooontmoritir
1063 1009 1295 1075 instructiones
1310 1011 1451 1095 ipsorum

320 1117 490 1202 postulent
513 1136 553 1180 ac
576 1114 751 1198 diligenter
774 1114 951 1198 revideant,
975 1137 1015 1182 ac
1031 1118 1058 1182 si
1074 1116 1154 1201 quid
1177 1117 1243 1183 illis
1259 1117 1450 1200 addendum,

320 1224 405 1290 illud
419 1223 552 1306 addant,
567 1227 626 1288 aut
641 1223 670 1288 si
685 1223 888 1306 demendum,
898 1221 1032 1290 demant
1041 1252 1048 1308 ;
1058 1225 1108 1290 siu
1123 1246 1201 1292 vero
1215 1227 1299 1294 tales
1315 1249 1381 1293 nou
1395 1227 1449 1291 ha·

320 1332 445 1416 herent,
468 1352 568 1396 novas
592 1351 712 1414 easque
737 1335 905 1414 separatas
928 1353 989 1416 pro
1012 1333 1249 1400 tricesimatore
1273 1339 1309 1400 ct
1323 1339 1448 1401 contra

321 1439 429 1506 scriba
445 1439 619 1506 conficiant
642 1461 682 1505 ac
706 1440 814 1522 sigillo
838 1460 860 1504 a
884 1438 1073 1525 nobisipsis
1092 1439 1232 1526 benigne
1249 1463 1400 1509 concesso
1416 1447 1447 1506 et

324 1545 615 1632 subscriptionibus
638 1546 809 1612 directoris
831 1567 871 1612 ae
895 1549 1062 1613 secretarii
1082 1549 1241 1633 muniant,
1257 1551 1447 1616 solutionem

321 1677 450 1740 quoqne
466 1655 604 1740 siugulis
619 1655 909 1722 tricesimatcribus
924 1662 959 1722 et
973 1657 1203 1724 contrascribis
1217 1679 1279 1744 pro
1295 1659 1446 1739 locorum,

320 1764 470 1831 laborum
493 1771 528 1830 et
550 1765 740 1830 meritorum
764 1765 892 1830 ratione
916 1771 1154 1850 competentem
1174 1766 1336 1851 ordinent,
1352 1767 1447 1852 idque

321 1895 481 1941 consensu
496 1879 609 1939 nostro
623 1873 821 1957 procedente
835 1873 966 1940 iaciant

427 1981 534 2048 Porro
549 1982 691 2048 director
705 1989 738 2048 et
761 1983 938 2048 consiliarii
954 1983 1058 2047 nostri
1073 1982 1209 2067 singulis
1224 1984 1302 2049 anni
1318 1991 1446 2070 quarta·

320 2090 406 2159 libus
420 2097 479 2157 aut
494 2093 751 2177 quotiescunque
775 2113 855 2176 opus
874 2113 942 2158 esse
960 2093 1123 2176 duxerint,
1138 2115 1239 2158 unum
1255 2094 1297 2160 de
1311 2096 1445 2180 collegio

319 2201 463 2286 ipsorum
479 2223 552 2266 cum
576 2202 687 2284 aliquo
712 2200 867 2267 adiuncto
892 2201 1112 2267 commissario
1128 2202 1256 2285 singula
1271 2204 1445 2270 tricesima·

319 2331 391 2375 rum
407 2313 440 2375 et
454 2309 662 2393 vectigalium
686 2310 760 2376 loca
784 2331 825 2376 ex
839 2310 1014 2393 improviso
1030 2309 1121 2375 adire
1146 2310 1288 2396 iubeant,
1305 2314 1362 2396 qui
1378 2313 1445 2378 dili-

319 2424 433 2503 genter
448 2417 619 2503 exploreut
643 2419 733 2503 quali
758 2419 871 2484 ordine
886 2419 1139 2484 tricesimatores
1155 2425 1188 2484 et
1204 2419 1443 2487 contrascribae

319 2549 379 2592 stra
394 2525 503 2592 officia
526 2527 765 2611 administrent,
781 2550 823 2593 au
838 2528 930 2592 iuxta
948 2527 1010 2592 sibi
1026 2527 1137 2594 datam
1152 2528 1400 2594 instructionem
1413 2529 1445 2594 iu

319 2634 508 2718 colligendis
517 2634 726 2720 proventibus
735 2637 854 2703 uostris
869 2635 930 2701 sibi
941 2636 1073 2710 creditis
1082 2635 1271 2721 procedant,
1285 2657 1404 2722 eosque
1414 2639 1444 2702 in

319 2765 385 2809 una
400 2763 477 2809 arca
492 2749 605 2810 nostra
620 2742 681 2810 sub
697 2742 823 2810 duabus
848 2744 1010 2810 distinctis
1027 2742 1180 2826 clavibus,
1197 2767 1335 2828 quarum
1350 2766 1444 2812 unam

319 2850 468 2918 officialis
492 2837 642 2918 alteram
655 2849 876 2919 contrascriba
900 2851 1030 2935 babeat,
1057 2859 1256 2938 conservent,
1281 2876 1324 2919 an
1348 2873 1444 2938 equos

319 2959 451 3028 idoneos
465 2967 627 3046 apparatu
651 2983 690 3026 ec
707 2959 917 3028 servitoribus
941 2961 1023 3026 bene
1047 2963 1224 3029 instructos
1248 2963 1342 3028 iuxta
1356 2983 1445 3047 prae·

320 3070 478 3154 scriptum
493 3067 556 3134 sibi
580 3068 724 3136 ordinem
741 3074 883 3152 teneant,
899 3091 942 3134 an
958 3070 1025 3134 vias
1041 3069 1215 3153 diligenter
1229 3068 1401 3137 observent
1415 3077 1446 3135 et

319 3177 513 3261 custodiant,
539 3197 623 3261 quae
647 3179 755 3244 omnia
770 3177 814 3242 ad
829 3197 969 3261 unguem
987 3177 1106 3244 rescita
1125 3183 1159 3242 et
1175 3179 1346 3262 explorata
1360 3177 1443 3244 idem
1497 3159 1500 3170 ’

320 3284 454 3350 emissus
470 3285 674 3352 consiliarius
684 3291 717 3350 et
733 3285 971 3352 commissarius
981 3285 1084 3350 nostri
1094 3287 1280 3370 conscripta
1288 3287 1444 3352 relatione

319 3391 512 3477 adiectaque
529 3393 680 3477 opinione
696 3392 888 3459 directorem
913 3399 947 3458 et
971 3393 1053 3458 alios
1078 3395 1279 3460 consiliarios
1303 3395 1445 3478 plenarie

317 3499 548 3585 informabunt,
562 3507 600 3567 ut
615 3502 642 3566 si
659 3501 715 3585 qui
730 3501 1001 3568 tricesimatorum
1017 3502 1174 3586 comperti
1188 3499 1320 3585 luerint,
1336 3523 1444 3568 eorum

318 3607 423 3676 officio
448 3631 512 3677 uon
538 3609 734 3692 satisfacere,
760 3609 879 3693 corrigi
904 3615 961 3674 aut
977 3608 1162 3676 substitutis
1187 3609 1444 3694 diligentioribus

317 3718 458 3786 amoveri
475 3724 605 3804 queant

423 3825 581 3891 Habeant
605 3825 705 3890 etiam
729 3823 872 3890 director
897 3829 929 3888 et
945 3823 1122 3890 consiliarii
1145 3825 1248 3890 nostri
1272 3825 1312 3890 de
1327 3824 1444 3892 fodinis

317 3933 395 3999 salis
409 3933 444 3997 in
459 3931 625 4017 provincia
639 3931 712 4016 ista,
729 3953 812 4016 quae
828 3932 953 3997 suntin
969 3930 1066 4014 Deos,
1076 3929 1195 4015 Torda,
1204 3929 1360 4014 Visagna,
1377 3929 1443 3998 Ko-

315 4041 373 4124 loe,
388 4039 495 4125 Seeglt
520 4045 553 4106 et
577 4039 663 4104 inter
678 4037 806 4107 Siculos
830 4039 1028 4123 singularem
1044 4059 1164 4122 curam,
1179 4047 1213 4106 et
1228 4045 1266 4105 ut
1281 4040 1344 4105 hae
1358 4047 1444 4106 recte

317 4149 475 4234 colantur,
499 4147 700 4234 provideant,
727 4156 760 4215 et
784 4148 841 4215 ubi
858 4168 1005 4215 camerae
1030 4149 1146 4215 salium
1163 4149 1325 4233 constitui,
1357 4155 1391 4215 et
1407 4170 1444 4214 er

316 4256 500 4324 venditione
515 4257 603 4323 illius
618 4263 794 4342 proventus
804 4258 917 4343 augeri
932 4258 1067 4343 possint,
1083 4257 1194 4322 sedulo
1211 4253 1397 4339 disquirent
1412 4263 1443 4322 et

315 4365 419 4431 modis
436 4365 591 4450 culturae,
607 4367 771 4451 coctionis,
788 4366 1009 4434 arendationis
1018 4371 1052 4431 et
1067 4365 1247 4432 eductionis
1262 4365 1402 4431 inventis
1412 4369 1443 4430 et

314 4471 445 4556 habitis,
460 4481 497 4539 ut
520 4473 598 4558 ipsis
622 4473 733 4540 sedulo
759 4496 859 4562 opera
883 4475 1017 4558 locetur,
1034 4479 1149 4540 curent
1164 4478 1198 4539 et
1212 4472 1400 4558 advigilent.

423 4579 567 4646 Lucrum
592 4601 748 4666 camerae,
773 4584 800 4649 si
825 4583 912 4667 quod
936 4590 1014 4650 ante
1028 4583 1091 4648 hnc
1120 4582 1279 4667 praestari
1304 4581 1442 4665 solitum,

316 4687 413 4754 iidem
430 4688 571 4756 director
596 4696 629 4755 et
654 4690 837 4775 consiliarii,
863 4692 993 4776 quaudo
1010 4693 1093 4758 aliae
1110 4689 1365 4758 contributiones
1380 4711 1441 4758 non
