3032 5418
457 565 549 619 1605.
567 583 630 620 uuo.
648 573 731 621 vion.

134 733 382 800 illustrissimae
402 735 643 802 Dominetionis
659 735 806 804 Vestrae.

739 847 858 929 promti
874 847 1045 912 servitores

675 953 871 1020 Pancratius
887 952 1036 1039 Sennyey
1051 977 1092 1020 m.
1108 977 1138 1039 p.

673 1060 852 1127 Belthesar
866 1061 990 1128 Kornis
1006 1085 1046 1128 m.
1062 1085 1093 1148 p.

131 1212 481 1268 Hiceta-illustrissimo
498 1213 611 1268 domino
627 1213 740 1268 domino
757 1213 874 1269 Nicolao
891 1213 1071 1286 Apurchauz‚
1088 1233 1159 1270 sacr.

31 1317 98 1357 caes.
124 1319 185 1372 reg.
203 1301 364 1358 Maiestatis
381 1321 509 1360 camerae
525 1305 634 1358 aulicae
650 1304 819 1372 consiliario,
837 1305 950 1361 domino
966 1305 1049 1360 nobis
1066 1307 1159 1360 obscr-

32 1391 209 1450 randissimo.
229 1394 255 1450 7.
273 1393 395 1465 Augusti
413 1413 438 1450 a.
460 1393 553 1450 1605.

519 1535 667 1608 (Ercdoli).

423 1729 758 1813 1605.eug.vtge.

573 1873 612 1960 e)

132 2015 353 2082 Illustrissimi
370 2038 409 2083 ac
424 2018 545 2084 domini
561 2017 835 2086 confidentissimi.

130 2121 183 2186 Ex
194 2123 392 2190 resolutione
408 2125 509 2191 illust.
525 2148 564 2192 ao
580 2149 686 2210 magn.
703 2126 960 2194 dominationum
976 2129 1154 2189 vestrarum

34 2228 113 2294 clerc
128 2229 276 2297 intellexi
307 2235 433 2300 ratione
449 2237 533 2301 arcis
565 2233 675 2319 Gialu,
706 2235 837 2320 quando
853 2233 983 2318 quidem
1009 2233 1155 2298 ecclesia·

35 2337 106 2402 stica
128 2337 217 2405 bona
241 2345 275 2406 et
294 2341 327 2405 in
344 2342 445 2408 alium
469 2365 564 2408 usum
583 2343 633 2408 rel
650 2342 849 2408 secularibus
865 2348 980 2407 eontra
995 2341 1157 2406 conscien-
1237 2369 1242 2378 ·

35 2443 105 2509 tiam
129 2449 274 2513 converti
298 2447 385 2515 haud
406 2472 508 2535 posse,
525 2451 812 2516 excellentissimus
829 2450 976 2516 dominus
993 2446 1156 2532 Georgius

1 2559 2 2624 Q
36 2551 127 2620 Basta
150 2577 215 2621 una
240 2577 313 2622 cum
329 2560 548 2626 commissario
564 2559 726 2626 Michaele
743 2557 855 2626 Szelrel
879 2581 958 2624 sacr.
976 2557 1011 2625 O.
1028 2557 1067 2623 R.
1084 2557 1156 2623 Ma·

1 2695 2 2698 ¹
36 2660 149 2730 iertetis
159 2687 232 2731 cum
242 2666 390 2750 plenarie
406 2669 606 2735 authoritate
616 2691 714 2753 penes
724 2669 837 2734 literas
853 2666 1074 2733 mendatorias
1084 2667 1155 2732 loco

37 2791 166 2838 meorum
190 2773 349 2841 bonorum
374 2775 633 2844 Siordioaliorum
664 2783 698 2842 et
728 2775 927 2842 infinitorum
963 2775 1155 2842 damnorum

1 2955 2 2970 χ
37 2898 254 2964 perpensorum
279 2883 544 2951 conditionaliter
569 2886 766 2969 obtulerant,
786 2885 888 2950 donec
919 2906 978 2949 suo
1001 2885 1153 2948 maiestas

1 3001 2 3004 ’
40 3007 109 3053 oses.
129 2992 279 3074 aequalia
294 2992 380 3058 bona
395 2994 531 3060 daturus
548 2996 598 3078 sit,
615 2993 779 3078 possidere
796 2994 911 3058 valeat
929 2991 987 3056 Nil
1004 2991 1093 3056 aliud
1110 2989 1152 3056 ab

39 3091 116 3162 initio
126 3097 312 3186 desiderari,
329 3103 389 3168 nisi
406 3103 597 3171 damnorum
615 3125 759 3170 meorum
775 3123 1005 3188 perpessorum
1022 3099 1153 3182 condig-

40 3222 101 3270 nam
123 3229 180 3274 sua
204 3212 357 3277 maiestas
378 3231 458 3278 caes.
475 3212 596 3278 habeat
619 3214 786 3298 rationem,
803 3216 835 3277 et
851 3211 970 3276 similia
986 3210 1072 3274 bona
1088 3207 1152 3290 det,

40 3315 133 3381 stetim
157 3317 308 3384 immunis
330 3341 398 3386 esse
414 3320 486 3386 volo
503 3320 545 3386 ab
561 3341 635 3386 arce
652 3319 763 3404 Glale,
780 3320 813 3383 in
830 3319 920 3384 curius
937 3318 1078 3382 dominio
1094 3315 1150 3400 lui,

40 3431 151 3489 monent
165 3425 403 3493 illustrissimae
423 3427 658 3494 dominationes
674 3435 808 3510 vestrae,
824 3431 861 3494 ut
880 3427 989 3510 alium·
999 3423 1149 3488 deberem

2 3535 4 3603 ἶ
40 3545 199 3612 proponere
214 3533 330 3618 locum,
340 3541 410 3602 tum
426 3535 637 3603 consideratis
648 3533 849 3618 fidelitatem,
865 3534 1031 3600 servitium
1048 3539 1081 3597 et
1097 3554 1151 3596 us·

2 3621 5 3696 ³,
41 3653 89 3714 qne
110 3639 148 3704 ed
164 3645 344 3708 extremam
360 3643 502 3708 omnium
518 3642 678 3709 bonorum
694 3665 837 3709 meorum
863 3643 1065 3708 amissionem
1092 3661 1150 3704 sue

41 3743 169 3814 maiestas
195 3771 276 3816 caes.
293 3749 432 3834 benigne
446 3751 615 3836 providere
641 3750 847 3834 dignabitur3
864 3771 924 3833 ego
941 3749 1065 3814 nullum
1083 3749 1149 3812 scio

41 3861 147 3930 praem·
170 3877 280 3924 arcem
304 3857 436 3944 Κόνων,
452 3861 577 3926 etiamsi
595 3882 654 3925 nec
670 3860 712 3925 ad
728 3859 936 3925 medietatem
952 3862 1080 3922 tantum
1097 3879 1150 3921 va·

41 3954 100 4042 leet
119 3967 291 4051 praecipue
315 3969 348 4033 in
374 3975 424 4034 tot
449 3969 550 4034 tentis
575 3969 756 4054 praesentis
782 3967 917 4034 tumulti
949 3965 1149 4050 temporibus

3 4051 5 4120 i
42 4085 118 4146 luam
141 4095 213 4140 mea
238 4083 333 4143 erent
357 4077 444 4142 bone
468 4075 665 4160 Siculicalia‚
690 4077 817 4161 excepti
843 4075 991 4142 omnibus
1023 4074 1148 4140 damnis

4 4173 5 4202 ³
43 4183 191 4260 perpende.
215 4179 274 4248 Ad
299 4184 464 4252 dominum
488 4184 642 4252 Fridrioh
668 4184 804 4270 Szekely
830 4183 916 4268 quod
932 4183 1059 4264 attinet,
1075 4181 1148 4248 illos

4 4307 5 4354 l
43 4295 159 4364 quatuor
182 4292 272 4358 mille
297 4291 437 4360 florenos
456 4293 645 4360 Bhenenses
665 4295 800 4378 singulis
816 4293 908 4358 annis
926 4291 1092 4356 ordinatos
1109 4311 1147 4354 ex

4 4377 6 4430 ξ
43 4400 223 4469 eruentibus
248 4400 372 4467 Ktuer
397 4424 455 4469 sua
479 4404 632 4468 maiestas
648 4401 779 4468 aliunde
795 4401 952 4485 deputare
969 4400 1089 4485 poterit
1107 4421 1146 4464 ex

4 4471 7 4600 i
43 4503 132 4576 aaut
156 4505 257 4576 Glale
282 4517 391 4578 utrum
417 4513 460 4578 sit
485 4511 705 4578 ecelesiastica
729 4511 815 4576 bona
840 4531 883 4574 an
909 4531 982 4592 non,
1007 4531 1072 4574 nou
1098 4513 1147 4574 est

5 4601 7 4686 i
44 4625 125 4680 meum
146 4615 208 4684 hoo
233 4617 409 4704 declarare,
434 4626 502 4687 tam
528 4620 713 4704 consiliarii,
739 4641 837 4704 qnam
863 4639 940 4683 suae
966 4618 1147 4684 maiestatis

5 4747 8 4818 u
45 4723 235 4812 commissarii,
260 4729 294 4794 in
320 4731 588 4820 Transylvaniam
616 4729 765 4816 expediti,
782 4749 908 4794 omnem
924 4733 1055 4814 statum,
1072 4751 1146 4796 oon·

5 4825 9 4868 u

5 4875 7 4934 l

5 4941 8 4986 l

5 4995 7 5086 u
