3032 5418
336 1642 621 1744 ronvturnu
641 1641 695 1744 ts
716 1627 1008 1744 raouirrou.

653 1839 682 1905 Ι.

532 1967 627 2031 1604
651 1964 733 2031 olrt.
759 1969 811 2032 25.

236 2139 262 2193 A
278 2139 394 2194 dudasela
409 2137 564 2192 Kos-nisset
580 2139 606 2192 de
622 2137 772 2206 Potlpnelc:
791 2139 958 2208 kurlsri'llreldc
973 2142 1094 2211 dwdben.

209 2272 386 2360 Magnifice
410 2272 549 2358 domine,
574 2272 697 2357 egregii
721 2273 814 2340 nobis
833 2273 1023 2360 honorandi,
1039 2275 1179 2345 salutem
1195 2285 1229 2347 et

2 2369 3 2412 ³
105 2382 290 2450 benevolam
306 2382 410 2450 nostri
426 2381 747 2449 commendationem.

2 2615 3 2630 ξ
209 2525 371 2611 Quoniam
386 2535 476 2594 certo
491 2526 598 2594 edocti
614 2549 733 2610 sumus,
759 2527 1030 2612 quamplurimos
1047 2528 1230 2599 Siculorum

2 2681 3 2736 3
106 2659 205 2722 neque
221 2638 255 2702 in
279 2635 455 2720 Hungaria
478 2657 583 2722 neque
600 2634 643 2702 ad
667 2641 776 2702 castra
800 2633 960 2703 Albensia
975 2637 1138 2721 profectos
1154 2661 1231 2725 esse,

2 2745 3 2830 ἶ
107 2745 159 2811 scd
174 2747 261 2812 domi
277 2747 479 2821 remansisse,
505 2751 538 2811 et
554 2744 752 2830 delitescere,
771 2751 870 2830 atque
886 2747 933 2812 ita
949 2767 983 2812 se
999 2767 1019 2811 a
1035 2769 1112 2813 suae
1128 2747 1231 2814 Maie-

2 2859 3 2874 ’
107 2857 196 2922 statis
222 2855 352 2922 servitio
378 2854 586 2922 abstrahere:
612 2854 685 2922 ideo
711 2855 930 2922 ordinavimus
955 2877 993 2922 sc
1012 2857 1232 2942 expedivimus

2 2939 3 2986 l
107 2985 293 3048 generosum
309 2962 475 3030 dominum
490 2961 671 3047 Georgium
687 2963 775 3030 Racz
786 2963 826 3030 de
842 2963 1096 3050 Szalonkemeny
1111 2970 1148 3031 ut
1163 2968 1232 3032 uni·

2 3115 3 3156 p
107 3095 209 3141 versos
225 3071 444 3158 quarumlibet
460 3071 584 3138 sedium
609 3070 737 3139 Siculos
753 3072 948 3156 generaliter
964 3073 1130 3156 insurgere
1146 3071 1230 3141 lace·

2 3229 3 3240 r
107 3187 160 3266 ret,
176 3185 258 3249 etin
284 3186 394 3247 castra
419 3180 578 3263 educeret
605 3185 638 3246 et
653 3181 846 3246 necessitate
865 3180 1051 3265 postulante
1076 3181 1103 3248 ai
1119 3201 1230 3248 eorum

107 3311 199 3374 opera
213 3293 264 3358 uti
279 3291 442 3374 vellemus,
468 3311 532 3356 uon
557 3289 633 3357 hinc
658 3289 733 3355 inde
749 3289 912 3374 dispersos
937 3291 1090 3375 colligere
1107 3296 1140 3356 et
1156 3311 1231 3358 con-

108 3421 223 3484 vocare,
239 3399 296 3466 sed
311 3405 444 3484 paratos
461 3399 542 3464 etin
557 3403 710 3483 promptu
726 3397 846 3465 habere
877 3399 1045 3483 possimus.
1069 3395 1231 3482 Quocirca

2 3559 3 3563 η
109 3504 337 3574 dominationes
346 3511 470 3572 vestras
480 3505 658 3590 hortamur,
677 3507 741 3572 imo
751 3507 878 3572 nomine
897 3527 960 3572 sae.
981 3527 1063 3572 caes.
1081 3527 1148 3590 reg.
1159 3507 1231 3573 Me-

2 3641 3 3646 *
108 3615 225 3683 iestetis
235 3616 466 3682 committimus
476 3619 509 3680 et
518 3614 716 3700 mandamus,
726 3619 764 3680 ut
773 3615 938 3681 universos
948 3614 1033 3680 sedis
1042 3614 1131 3680 illius
1141 3613 1232 3682 Sicu-

2 3741 3 3826 ἦ
110 3722 152 3789 los
167 3725 253 3792 demi
268 3725 443 3790 existentes
459 3744 625 3809 exsugere,
641 3722 830 3808 etpredicto
841 3722 971 3789 domino
988 3720 1132 3807 Georgio
1143 3721 1232 3790 thz

109 3832 147 3896 ad
160 3856 274 3900 manus
300 3833 387 3916 dare,
413 3834 584 3918 ipsumque
610 3831 653 3898 ad
669 3852 702 3898 se
718 3833 872 3917 recipere,
889 3837 923 3897 et
938 3832 971 3897 in
988 3830 1103 3897 castris
1119 3835 1231 3897 tenere

109 3943 288 4022 permittere
304 3942 414 4024 velint,
429 3941 493 4008 imo
510 3938 693 4006 debcantet
703 3945 885 4006 teneantur.
895 3939 995 4008 Secus
1010 3961 1070 4006 nee
1086 3938 1230 4007 fecerint.

111 4044 308 4136 Claudiopoli
323 4049 375 4116 die
392 4053 470 4116 lde
486 4046 647 4116 Octobris.
663 4045 763 4116 Anno
782 4051 876 4116 1604.

509 4209 597 4279 Sacr.
614 4211 705 4279 ans.
722 4211 802 4296 Reg.
817 4210 1005 4277 Maiestatis
1021 4211 1233 4278 commissarii

505 4325 538 4386 et
561 4320 679 4386 excelsi
703 4319 870 4404 regiminis
903 4319 1087 4403 provinciae
1112 4317 1232 4385 Trans·

683 4428 856 4493 silvanicae
873 4427 1058 4493 consiliarii.

670 4589 832 4674 Georgius
846 4585 1004 4655 Hoffmau
1019 4610 1059 4655 m.
1074 4611 1123 4673 pr.

673 4700 810 4771 Carolus
825 4695 973 4768 Im-Hoff
986 4719 1026 4764 m.
1042 4721 1091 4785 pr.
