<?xml version="1.0" encoding="UTF-8"?>
<!DOCTYPE html PUBLIC "-//W3C//DTD XHTML 1.0 Transitional//EN"
    "http://www.w3.org/TR/xhtml1/DTD/xhtml1-transitional.dtd">
<html xmlns="http://www.w3.org/1999/xhtml" xml:lang="en" lang="en">
 <head>
  <title>
</title>
<meta http-equiv="Content-Type" content="text/html;charset=utf-8" />
  <meta name='ocr-system' content='tesseract 3.04.00' />
  <meta name='ocr-capabilities' content='ocr_page ocr_carea ocr_par ocr_line ocrx_word'/>
</head>
<body>
  <div class='ocr_page' id='page_1' title='image "./monumentahungar14bizogoog/monumentahungar14bizogoog_0261.png"; bbox 0 0 3030 5416; ppageno 0'>
   <div class='ocr_carea' id='block_1_1' title="bbox 394 516 1183 594">
    <p class='ocr_par' dir='ltr' id='par_1_1' title="bbox 394 516 1183 594">
     <span class='ocr_line' id='line_1_1' title="bbox 394 516 1183 594; baseline 0.008 -22"><span class='ocrx_word' id='word_1_1' title='bbox 394 587 398 594; x_wconf 15' lang='grc' dir='ltr'><strong><em>ἢ</em></strong></span> <span class='ocrx_word' id='word_1_2' title='bbox 494 517 588 573; x_wconf 76' lang='lat'>1604.</span> <span class='ocrx_word' id='word_1_3' title='bbox 604 535 662 574; x_wconf 73' lang='lat' dir='ltr'><strong>aas.</strong></span> <span class='ocrx_word' id='word_1_4' title='bbox 689 519 739 576; x_wconf 77' lang='lat'><strong>20.</strong></span> <span class='ocrx_word' id='word_1_5' title='bbox 1120 516 1183 578; x_wconf 75' lang='lat'><strong>249</strong></span> 
     </span>
    </p>
   </div>
   <div class='ocr_carea' id='block_1_2' title="bbox 1 691 1187 1209">
    <p class='ocr_par' dir='ltr' id='par_1_2' title="bbox 1 691 1187 1209">
     <span class='ocr_line' id='line_1_2' title="bbox 45 691 1187 773; baseline 0.004 -19"><span class='ocrx_word' id='word_1_6' title='bbox 45 711 185 772; x_wconf 86' lang='lat' dir='ltr'><strong>cunque</strong></span> <span class='ocrx_word' id='word_1_7' title='bbox 200 694 294 756; x_wconf 85' lang='lat' dir='ltr'><strong>extra</strong></span> <span class='ocrx_word' id='word_1_8' title='bbox 309 691 472 757; x_wconf 77' lang='lat' dir='ltr'><strong>curionem</strong></span> <span class='ocrx_word' id='word_1_9' title='bbox 488 694 643 773; x_wconf 88' lang='lat' dir='ltr'><strong>nostram,</strong></span> <span class='ocrx_word' id='word_1_10' title='bbox 662 691 745 756; x_wconf 89' lang='lat' dir='ltr'><strong>citra</strong></span> <span class='ocrx_word' id='word_1_11' title='bbox 761 713 953 758; x_wconf 86' lang='lat' dir='ltr'><strong>consensum</strong></span> <span class='ocrx_word' id='word_1_12' title='bbox 970 697 1116 759; x_wconf 86' lang='lat' dir='ltr'><strong>nostrum</strong></span> <span class='ocrx_word' id='word_1_13' title='bbox 1133 715 1187 759; x_wconf 90' lang='lat' dir='ltr'><strong>ou-</strong></span> 
     </span>
     <span class='ocr_line' id='line_1_3' title="bbox 1 796 980 884; baseline 0.003 -23"><span class='ocrx_word' id='word_1_14' title='bbox 1 837 2 862; x_wconf 60' lang='lat'><em>2</em></span> <span class='ocrx_word' id='word_1_15' title='bbox 46 796 134 863; x_wconf 87' lang='lat' dir='ltr'><strong>dunt</strong></span> <span class='ocrx_word' id='word_1_16' title='bbox 151 802 187 862; x_wconf 89' lang='lat' dir='ltr'><strong>et</strong></span> <span class='ocrx_word' id='word_1_17' title='bbox 204 799 279 864; x_wconf 90' lang='lat' dir='ltr'><strong>cudi</strong></span> <span class='ocrx_word' id='word_1_18' title='bbox 294 799 428 881; x_wconf 86' lang='lat' dir='ltr'><strong>iaciunt,</strong></span> <span class='ocrx_word' id='word_1_19' title='bbox 444 803 481 863; x_wconf 90' lang='grc' dir='ltr'><strong>ιιι</strong></span> <span class='ocrx_word' id='word_1_20' title='bbox 497 797 673 863; x_wconf 88' lang='lat' dir='ltr'><strong>secundnm</strong></span> <span class='ocrx_word' id='word_1_21' title='bbox 689 799 778 883; x_wconf 87' lang='lat' dir='ltr'><strong>leges</strong></span> <span class='ocrx_word' id='word_1_22' title='bbox 795 801 980 884; x_wconf 72' lang='lat' dir='ltr'><strong>puniantur.</strong></span> 
     </span>
     <span class='ocr_line' id='line_1_4' title="bbox 1 903 1187 1010; baseline 0.003 -38"><span class='ocrx_word' id='word_1_23' title='bbox 1 932 2 1010; x_wconf 68' lang='lat'><strong>,</strong></span> <span class='ocrx_word' id='word_1_24' title='bbox 162 903 289 973; x_wconf 75' lang='lat' dir='ltr'><strong>Carent</strong></span> <span class='ocrx_word' id='word_1_25' title='bbox 312 908 411 972; x_wconf 90' lang='lat' dir='ltr'><strong>etiam</strong></span> <span class='ocrx_word' id='word_1_26' title='bbox 435 912 592 989; x_wconf 75' lang='lat' dir='ltr'><strong>monetas,</strong></span> <span class='ocrx_word' id='word_1_27' title='bbox 617 929 701 990; x_wconf 88' lang='lat' dir='ltr'><strong>qnae</strong></span> <span class='ocrx_word' id='word_1_28' title='bbox 725 914 837 974; x_wconf 88' lang='lat' dir='ltr'><strong>nostro</strong></span> <span class='ocrx_word' id='word_1_29' title='bbox 862 911 991 974; x_wconf 90' lang='lat' dir='ltr'><strong>nomine</strong></span> <span class='ocrx_word' id='word_1_30' title='bbox 1016 909 1187 992; x_wconf 78' lang='lat' dir='ltr'><strong>cuduntur,</strong></span> 
     </span>
     <span class='ocr_line' id='line_1_5' title="bbox 1 1014 1187 1100; baseline 0.003 -22"><span class='ocrx_word' id='word_1_31' title='bbox 1 1029 3 1096; x_wconf 69' lang='grc' dir='ltr'><strong>ξ</strong></span> <span class='ocrx_word' id='word_1_32' title='bbox 46 1015 184 1098; x_wconf 88' lang='lat' dir='ltr'><strong>saepius</strong></span> <span class='ocrx_word' id='word_1_33' title='bbox 200 1014 341 1098; x_wconf 91' lang='lat' dir='ltr'><strong>probari,</strong></span> <span class='ocrx_word' id='word_1_34' title='bbox 357 1021 394 1080; x_wconf 92' lang='grc' dir='ltr'><strong>ιιι</strong></span> <span class='ocrx_word' id='word_1_35' title='bbox 410 1036 487 1079; x_wconf 89' lang='lat' dir='ltr'><strong>uum</strong></span> <span class='ocrx_word' id='word_1_36' title='bbox 512 1015 632 1080; x_wconf 91' lang='lat' dir='ltr'><strong>iustum</strong></span> <span class='ocrx_word' id='word_1_37' title='bbox 658 1037 697 1082; x_wconf 85' lang='lat' dir='ltr'><strong>ao</strong></span> <span class='ocrx_word' id='word_1_38' title='bbox 713 1015 858 1082; x_wconf 86' lang='lat' dir='ltr'><strong>debitum</strong></span> <span class='ocrx_word' id='word_1_39' title='bbox 875 1017 1011 1100; x_wconf 81' lang='lat' dir='ltr'><strong>gradum</strong></span> <span class='ocrx_word' id='word_1_40' title='bbox 1027 1039 1084 1082; x_wconf 90' lang='lat' dir='ltr'><strong>seu</strong></span> <span class='ocrx_word' id='word_1_41' title='bbox 1101 1018 1187 1083; x_wconf 87' lang='lat' dir='ltr'><strong>valo-</strong></span> 
     </span>
     <span class='ocr_line' id='line_1_6' title="bbox 1 1123 512 1209; baseline -0.006 -17"><span class='ocrx_word' id='word_1_42' title='bbox 1 1125 2 1192; x_wconf 73' lang='lat'><em>]</em></span> <span class='ocrx_word' id='word_1_43' title='bbox 48 1145 118 1190; x_wconf 87' lang='lat' dir='ltr'><strong>rem</strong></span> <span class='ocrx_word' id='word_1_44' title='bbox 136 1123 293 1206; x_wconf 86' lang='lat' dir='ltr'><strong>habeant,</strong></span> <span class='ocrx_word' id='word_1_45' title='bbox 309 1126 384 1190; x_wconf 87' lang='lat' dir='ltr'><strong>sciri</strong></span> <span class='ocrx_word' id='word_1_46' title='bbox 400 1125 512 1209; x_wconf 87' lang='lat' dir='ltr'><strong>possit</strong></span> 
     </span>
    </p>
   </div>
   <div class='ocr_carea' id='block_1_3' title="bbox 1 1228 1282 4593">
    <p class='ocr_par' dir='ltr' id='par_1_3' title="bbox 1 1228 1282 3054">
     <span class='ocr_line' id='line_1_7' title="bbox 1 1228 1188 1341; baseline 0.003 -45"><span class='ocrx_word' id='word_1_47' title='bbox 1 1301 4 1341; x_wconf 51' lang='lat'><strong>,</strong></span> <span class='ocrx_word' id='word_1_48' title='bbox 162 1228 327 1314; x_wconf 79' lang='lat' dir='ltr'><strong>Quoniam</strong></span> <span class='ocrx_word' id='word_1_49' title='bbox 343 1253 419 1297; x_wconf 89' lang='lat' dir='ltr'><strong>vero</strong></span> <span class='ocrx_word' id='word_1_50' title='bbox 435 1231 540 1298; x_wconf 87' lang='lat' dir='ltr'><strong>bonus</strong></span> <span class='ocrx_word' id='word_1_51' title='bbox 556 1231 636 1298; x_wconf 90' lang='lat' dir='ltr'><strong>ordo</strong></span> <span class='ocrx_word' id='word_1_52' title='bbox 653 1253 724 1297; x_wconf 90' lang='lat' dir='ltr'><strong>cnm</strong></span> <span class='ocrx_word' id='word_1_53' title='bbox 745 1233 818 1297; x_wconf 89' lang='lat' dir='ltr'><strong>aliis</strong></span> <span class='ocrx_word' id='word_1_54' title='bbox 837 1233 870 1297; x_wconf 95' lang='lat' dir='ltr'><strong>in</strong></span> <span class='ocrx_word' id='word_1_55' title='bbox 887 1233 983 1300; x_wconf 89' lang='lat' dir='ltr'><strong>rebus</strong></span> <span class='ocrx_word' id='word_1_56' title='bbox 1000 1239 1069 1299; x_wconf 91' lang='lat' dir='ltr'><strong>tum</strong></span> <span class='ocrx_word' id='word_1_57' title='bbox 1085 1235 1119 1300; x_wconf 92' lang='lat' dir='ltr'><strong>in</strong></span> <span class='ocrx_word' id='word_1_58' title='bbox 1136 1255 1188 1300; x_wconf 89' lang='lat' dir='ltr'><strong>co·</strong></span> 
     </span>
     <span class='ocr_line' id='line_1_8' title="bbox 1 1341 1189 1424; baseline 0.003 -18"><span class='ocrx_word' id='word_1_59' title='bbox 1 1343 2 1424; x_wconf 57' lang='lat' dir='ltr'><strong>l</strong></span> <span class='ocrx_word' id='word_1_60' title='bbox 50 1342 157 1408; x_wconf 87' lang='lat' dir='ltr'><strong>lendis</strong></span> <span class='ocrx_word' id='word_1_61' title='bbox 174 1345 339 1408; x_wconf 86' lang='lat' dir='ltr'><strong>montanis</strong></span> <span class='ocrx_word' id='word_1_62' title='bbox 370 1364 426 1407; x_wconf 90' lang='lat' dir='ltr'><strong>seu</strong></span> <span class='ocrx_word' id='word_1_63' title='bbox 450 1341 568 1408; x_wconf 81' lang='lat' dir='ltr'><strong>fodinis</strong></span> <span class='ocrx_word' id='word_1_64' title='bbox 594 1343 769 1408; x_wconf 84' lang='lat' dir='ltr'><strong>maximum</strong></span> <span class='ocrx_word' id='word_1_65' title='bbox 785 1349 983 1408; x_wconf 78' lang='lat' dir='ltr'><strong>momentum</strong></span> <span class='ocrx_word' id='word_1_66' title='bbox 1000 1344 1117 1410; x_wconf 89' lang='lat' dir='ltr'><strong>habet:</strong></span> <span class='ocrx_word' id='word_1_67' title='bbox 1143 1345 1189 1410; x_wconf 92' lang='lat' dir='ltr'><strong>di·</strong></span> 
     </span>
     <span class='ocr_line' id='line_1_9' title="bbox 50 1447 1282 1536; baseline 0.004 -21.809"><span class='ocrx_word' id='word_1_68' title='bbox 50 1455 160 1516; x_wconf 85' lang='lat' dir='ltr'><strong>rector</strong></span> <span class='ocrx_word' id='word_1_69' title='bbox 186 1455 220 1514; x_wconf 87' lang='lat' dir='ltr'><strong>et</strong></span> <span class='ocrx_word' id='word_1_70' title='bbox 245 1451 421 1516; x_wconf 84' lang='lat' dir='ltr'><strong>consiliarii</strong></span> <span class='ocrx_word' id='word_1_71' title='bbox 447 1451 551 1516; x_wconf 80' lang='lat' dir='ltr'><strong>nostri</strong></span> <span class='ocrx_word' id='word_1_72' title='bbox 576 1472 673 1535; x_wconf 87' lang='lat' dir='ltr'><strong>super</strong></span> <span class='ocrx_word' id='word_1_73' title='bbox 697 1451 757 1516; x_wconf 85' lang='lat' dir='ltr'><strong>tali</strong></span> <span class='ocrx_word' id='word_1_74' title='bbox 774 1449 896 1535; x_wconf 90' lang='lat' dir='ltr'><strong>ordine,</strong></span> <span class='ocrx_word' id='word_1_75' title='bbox 922 1453 1064 1536; x_wconf 87' lang='lat' dir='ltr'><strong>qualiter</strong></span> <span class='ocrx_word' id='word_1_76' title='bbox 1080 1455 1108 1518; x_wconf 89' lang='lat' dir='ltr'><strong>is</strong></span> <span class='ocrx_word' id='word_1_77' title='bbox 1124 1475 1189 1519; x_wconf 90' lang='lat' dir='ltr'><strong>ser·</strong></span> <span class='ocrx_word' id='word_1_78' title='bbox 1278 1447 1282 1457; x_wconf 66' lang='grc'><strong>“</strong></span> 
     </span>
     <span class='ocr_line' id='line_1_10' title="bbox 1 1551 1188 1644; baseline 0.007 -26"><span class='ocrx_word' id='word_1_79' title='bbox 1 1551 2 1618; x_wconf 82' lang='lat' dir='ltr'><strong>l</strong></span> <span class='ocrx_word' id='word_1_80' title='bbox 51 1559 187 1642; x_wconf 82' lang='lat' dir='ltr'><strong>raudus,</strong></span> <span class='ocrx_word' id='word_1_81' title='bbox 203 1559 317 1624; x_wconf 88' lang='lat' dir='ltr'><strong>sedulo</strong></span> <span class='ocrx_word' id='word_1_82' title='bbox 345 1557 578 1624; x_wconf 88' lang='lat' dir='ltr'><strong>consultabunt</strong></span> <span class='ocrx_word' id='word_1_83' title='bbox 602 1559 691 1626; x_wconf 89' lang='lat' dir='ltr'><strong>etde</strong></span> <span class='ocrx_word' id='word_1_84' title='bbox 718 1581 755 1625; x_wconf 91' lang='lat' dir='ltr'><strong>eo</strong></span> <span class='ocrx_word' id='word_1_85' title='bbox 772 1561 924 1644; x_wconf 91' lang='lat' dir='ltr'><strong>opinione</strong></span> <span class='ocrx_word' id='word_1_86' title='bbox 941 1583 1074 1628; x_wconf 90' lang='lat' dir='ltr'><strong>suanos</strong></span> <span class='ocrx_word' id='word_1_87' title='bbox 1090 1563 1188 1628; x_wconf 81' lang='lat' dir='ltr'><strong>infor·</strong></span> 
     </span>
     <span class='ocr_line' id='line_1_11' title="bbox 1 1661 1188 1756; baseline 0.003 -23"><span class='ocrx_word' id='word_1_88' title='bbox 1 1661 3 1733; x_wconf 89' lang='lat' dir='ltr'><strong>l</strong></span> <span class='ocrx_word' id='word_1_89' title='bbox 54 1665 198 1748; x_wconf 81' lang='lat' dir='ltr'><strong>nabunt,</strong></span> <span class='ocrx_word' id='word_1_90' title='bbox 214 1668 247 1732; x_wconf 91' lang='lat' dir='ltr'><strong>in</strong></span> <span class='ocrx_word' id='word_1_91' title='bbox 264 1688 361 1750; x_wconf 89' lang='lat' dir='ltr'><strong>quem</strong></span> <span class='ocrx_word' id='word_1_92' title='bbox 377 1665 473 1731; x_wconf 87' lang='lat' dir='ltr'><strong>finem</strong></span> <span class='ocrx_word' id='word_1_93' title='bbox 490 1668 739 1734; x_wconf 76' lang='lat' dir='ltr'><strong>constitutiones</strong></span> <span class='ocrx_word' id='word_1_94' title='bbox 755 1671 961 1736; x_wconf 85' lang='lat' dir='ltr'><strong>montanicas</strong></span> <span class='ocrx_word' id='word_1_95' title='bbox 977 1673 1079 1736; x_wconf 88' lang='lat' dir='ltr'><strong>nostri</strong></span> <span class='ocrx_word' id='word_1_96' title='bbox 1096 1673 1188 1756; x_wconf 83' lang='lat' dir='ltr'><strong>regni</strong></span> 
     </span>
     <span class='ocr_line' id='line_1_12' title="bbox 1 1773 1187 1860; baseline 0.003 -20"><span class='ocrx_word' id='word_1_97' title='bbox 1 1837 3 1852; x_wconf 83' lang='lat'>‚</span> <span class='ocrx_word' id='word_1_98' title='bbox 53 1775 233 1840; x_wconf 89' lang='lat' dir='ltr'><strong>Bohemiae</strong></span> <span class='ocrx_word' id='word_1_99' title='bbox 249 1781 283 1840; x_wconf 86' lang='lat' dir='ltr'><strong>et</strong></span> <span class='ocrx_word' id='word_1_100' title='bbox 298 1775 331 1840; x_wconf 93' lang='lat' dir='ltr'><strong>in</strong></span> <span class='ocrx_word' id='word_1_101' title='bbox 347 1773 522 1857; x_wconf 83' lang='lat' dir='ltr'><strong>Hungaria</strong></span> <span class='ocrx_word' id='word_1_102' title='bbox 537 1775 614 1860; x_wconf 92' lang='lat' dir='ltr'><strong>ipsis</strong></span> <span class='ocrx_word' id='word_1_103' title='bbox 629 1778 715 1840; x_wconf 92' lang='lat' dir='ltr'><strong>mitti</strong></span> <span class='ocrx_word' id='word_1_104' title='bbox 734 1777 972 1860; x_wconf 79' lang='lat' dir='ltr'><strong>mandabimus,</strong></span> <span class='ocrx_word' id='word_1_105' title='bbox 989 1785 1027 1843; x_wconf 88' lang='lat' dir='ltr'><strong>ut</strong></span> <span class='ocrx_word' id='word_1_106' title='bbox 1043 1779 1187 1844; x_wconf 86' lang='lat' dir='ltr'><strong>ordinem</strong></span> 
     </span>
     <span class='ocr_line' id='line_1_13' title="bbox 1 1859 1026 1975; baseline 0.004 -27"><span class='ocrx_word' id='word_1_107' title='bbox 1 1859 4 1975; x_wconf 77' lang='lat' dir='ltr'><strong>l,</strong></span> <span class='ocrx_word' id='word_1_108' title='bbox 55 1883 359 1968; x_wconf 64' lang='lat' dir='ltr'><strong>transsylvamcum</strong></span> <span class='ocrx_word' id='word_1_109' title='bbox 375 1883 490 1948; x_wconf 88' lang='lat' dir='ltr'><strong>iisdem</strong></span> <span class='ocrx_word' id='word_1_110' title='bbox 508 1881 710 1949; x_wconf 87' lang='lat' dir='ltr'><strong>conforment</strong></span> <span class='ocrx_word' id='word_1_111' title='bbox 726 1891 759 1949; x_wconf 92' lang='lat' dir='ltr'><strong>et</strong></span> <span class='ocrx_word' id='word_1_112' title='bbox 774 1887 1026 1952; x_wconf 87' lang='lat' dir='ltr'><strong>accommodent.</strong></span> 
     </span>
     <span class='ocr_line' id='line_1_14' title="bbox 1 1989 1187 2078; baseline 0.001 -20"><span class='ocrx_word' id='word_1_113' title='bbox 1 1990 2 2005; x_wconf 56' lang='lat'>¹</span> <span class='ocrx_word' id='word_1_114' title='bbox 160 1989 249 2075; x_wconf 82' lang='lat' dir='ltr'><strong>Quia</strong></span> <span class='ocrx_word' id='word_1_115' title='bbox 272 2014 349 2058; x_wconf 90' lang='lat' dir='ltr'><strong>vero</strong></span> <span class='ocrx_word' id='word_1_116' title='bbox 374 1995 408 2058; x_wconf 93' lang='lat' dir='ltr'><strong>in</strong></span> <span class='ocrx_word' id='word_1_117' title='bbox 433 1993 506 2058; x_wconf 88' lang='lat' dir='ltr'><strong>aliis</strong></span> <span class='ocrx_word' id='word_1_118' title='bbox 531 1993 652 2058; x_wconf 87' lang='lat' dir='ltr'><strong>nostris</strong></span> <span class='ocrx_word' id='word_1_119' title='bbox 677 1993 786 2076; x_wconf 84' lang='lat' dir='ltr'><strong>regnis</strong></span> <span class='ocrx_word' id='word_1_120' title='bbox 812 1999 845 2058; x_wconf 90' lang='lat' dir='ltr'><strong>et</strong></span> <span class='ocrx_word' id='word_1_121' title='bbox 869 1995 1043 2078; x_wconf 86' lang='lat' dir='ltr'><strong>provinciis</strong></span> <span class='ocrx_word' id='word_1_122' title='bbox 1062 1995 1187 2060; x_wconf 83' lang='lat' dir='ltr'><strong>utiliter</strong></span> 
     </span>
     <span class='ocr_line' id='line_1_15' title="bbox 56 2099 1187 2185; baseline 0.002 -20.907"><span class='ocrx_word' id='word_1_123' title='bbox 56 2101 240 2164; x_wconf 88' lang='lat' dir='ltr'><strong>institutum</strong></span> <span class='ocrx_word' id='word_1_124' title='bbox 266 2106 315 2164; x_wconf 89' lang='lat' dir='ltr'><strong>est</strong></span> <span class='ocrx_word' id='word_1_125' title='bbox 340 2105 373 2166; x_wconf 88' lang='lat' dir='ltr'><strong>ct</strong></span> <span class='ocrx_word' id='word_1_126' title='bbox 398 2099 612 2182; x_wconf 88' lang='lat' dir='ltr'><strong>observatum,</strong></span> <span class='ocrx_word' id='word_1_127' title='bbox 628 2105 666 2164; x_wconf 90' lang='lat' dir='ltr'><strong>ut</strong></span> <span class='ocrx_word' id='word_1_128' title='bbox 682 2101 724 2164; x_wconf 86' lang='lat' dir='ltr'><strong>sit</strong></span> <span class='ocrx_word' id='word_1_129' title='bbox 741 2123 824 2166; x_wconf 88' lang='lat' dir='ltr'><strong>unus</strong></span> <span class='ocrx_word' id='word_1_130' title='bbox 839 2101 995 2185; x_wconf 79' lang='lat' dir='ltr'><strong>magister</strong></span> <span class='ocrx_word' id='word_1_131' title='bbox 1020 2102 1187 2185; x_wconf 90' lang='lat' dir='ltr'><strong>montium,</strong></span> 
     </span>
     <span class='ocr_line' id='line_1_16' title="bbox 57 2210 1187 2296; baseline 0.002 -21.906"><span class='ocrx_word' id='word_1_132' title='bbox 57 2211 108 2294; x_wconf 86' lang='lat' dir='ltr'><strong>qui</strong></span> <span class='ocrx_word' id='word_1_133' title='bbox 133 2211 284 2276; x_wconf 80' lang='lat' dir='ltr'><strong>ordtnrae</strong></span> <span class='ocrx_word' id='word_1_134' title='bbox 309 2211 507 2276; x_wconf 88' lang='lat' dir='ltr'><strong>minerarum</strong></span> <span class='ocrx_word' id='word_1_135' title='bbox 531 2210 651 2294; x_wconf 90' lang='lat' dir='ltr'><strong>ubique</strong></span> <span class='ocrx_word' id='word_1_136' title='bbox 677 2218 814 2296; x_wconf 87' lang='lat' dir='ltr'><strong>praeest,</strong></span> <span class='ocrx_word' id='word_1_137' title='bbox 841 2219 874 2276; x_wconf 88' lang='lat' dir='ltr'><strong>et</strong></span> <span class='ocrx_word' id='word_1_138' title='bbox 897 2211 957 2276; x_wconf 90' lang='lat' dir='ltr'><strong>sub</strong></span> <span class='ocrx_word' id='word_1_139' title='bbox 983 2234 1017 2276; x_wconf 88' lang='lat' dir='ltr'><strong>se</strong></span> <span class='ocrx_word' id='word_1_140' title='bbox 1041 2213 1075 2276; x_wconf 94' lang='lat' dir='ltr'><strong>in</strong></span> <span class='ocrx_word' id='word_1_141' title='bbox 1106 2212 1187 2278; x_wconf 87' lang='lat' dir='ltr'><strong>locis</strong></span> 
     </span>
     <span class='ocr_line' id='line_1_17' title="bbox 59 2317 1187 2402; baseline 0.002 -19.902"><span class='ocrx_word' id='word_1_142' title='bbox 59 2320 248 2402; x_wconf 83' lang='lat' dir='ltr'><strong>opportunis</strong></span> <span class='ocrx_word' id='word_1_143' title='bbox 262 2318 385 2384; x_wconf 88' lang='lat' dir='ltr'><strong>iudices</strong></span> <span class='ocrx_word' id='word_1_144' title='bbox 410 2317 518 2400; x_wconf 89' lang='lat' dir='ltr'><strong>habet,</strong></span> <span class='ocrx_word' id='word_1_145' title='bbox 543 2319 598 2402; x_wconf 91' lang='lat' dir='ltr'><strong>qni</strong></span> <span class='ocrx_word' id='word_1_146' title='bbox 615 2339 688 2384; x_wconf 88' lang='lat' dir='ltr'><strong>cum</strong></span> <span class='ocrx_word' id='word_1_147' title='bbox 705 2320 771 2385; x_wconf 88' lang='lat' dir='ltr'><strong>suis</strong></span> <span class='ocrx_word' id='word_1_148' title='bbox 789 2321 905 2385; x_wconf 88' lang='lat' dir='ltr'><strong>iuratis</strong></span> <span class='ocrx_word' id='word_1_149' title='bbox 922 2320 997 2384; x_wconf 91' lang='lat' dir='ltr'><strong>lites</strong></span> <span class='ocrx_word' id='word_1_150' title='bbox 1013 2321 1046 2384; x_wconf 93' lang='lat' dir='ltr'><strong>in</strong></span> <span class='ocrx_word' id='word_1_151' title='bbox 1063 2325 1187 2385; x_wconf 86' lang='lat' dir='ltr'><strong>monta-</strong></span> 
     </span>
     <span class='ocr_line' id='line_1_18' title="bbox 1 2425 1187 2534; baseline 0.003 -44"><span class='ocrx_word' id='word_1_152' title='bbox 1 2435 3 2534; x_wconf 58' lang='grc' dir='ltr'>ι</span> <span class='ocrx_word' id='word_1_153' title='bbox 59 2427 104 2492; x_wconf 88' lang='lat' dir='ltr'><strong>uis</strong></span> <span class='ocrx_word' id='word_1_154' title='bbox 118 2427 309 2510; x_wconf 87' lang='lat' dir='ltr'><strong>incidentes,</strong></span> <span class='ocrx_word' id='word_1_155' title='bbox 326 2449 406 2511; x_wconf 85' lang='lat' dir='ltr'><strong>quas</strong></span> <span class='ocrx_word' id='word_1_156' title='bbox 421 2433 565 2510; x_wconf 75' lang='lat' dir='ltr'><strong>possunt,</strong></span> <span class='ocrx_word' id='word_1_157' title='bbox 581 2425 771 2494; x_wconf 89' lang='lat' dir='ltr'><strong>diiudicant.</strong></span> <span class='ocrx_word' id='word_1_158' title='bbox 788 2426 965 2494; x_wconf 83' lang='lat' dir='ltr'><strong>Graviores</strong></span> <span class='ocrx_word' id='word_1_159' title='bbox 980 2447 1056 2493; x_wconf 85' lang='lat' dir='ltr'><strong>vero</strong></span> <span class='ocrx_word' id='word_1_160' title='bbox 1073 2447 1187 2494; x_wconf 87' lang='lat' dir='ltr'><strong>causas</strong></span> 
     </span>
     <span class='ocr_line' id='line_1_19' title="bbox 1 2535 1187 2637; baseline 0.003 -39"><span class='ocrx_word' id='word_1_161' title='bbox 1 2603 3 2637; x_wconf 46' lang='lat'><strong>,</strong></span> <span class='ocrx_word' id='word_1_162' title='bbox 60 2535 97 2598; x_wconf 92' lang='lat' dir='ltr'><strong>ad</strong></span> <span class='ocrx_word' id='word_1_163' title='bbox 111 2536 205 2602; x_wconf 91' lang='lat' dir='ltr'><strong>illum</strong></span> <span class='ocrx_word' id='word_1_164' title='bbox 221 2535 369 2602; x_wconf 88' lang='lat' dir='ltr'><strong>referunt</strong></span> <span class='ocrx_word' id='word_1_165' title='bbox 384 2542 442 2601; x_wconf 88' lang='lat' dir='ltr'><strong>aut</strong></span> <span class='ocrx_word' id='word_1_166' title='bbox 457 2538 637 2620; x_wconf 84' lang='lat' dir='ltr'><strong>remittunt,</strong></span> <span class='ocrx_word' id='word_1_167' title='bbox 654 2537 775 2621; x_wconf 91' lang='lat' dir='ltr'><strong>quique</strong></span> <span class='ocrx_word' id='word_1_168' title='bbox 791 2537 998 2603; x_wconf 88' lang='lat' dir='ltr'><strong>montanistis</strong></span> <span class='ocrx_word' id='word_1_169' title='bbox 1014 2535 1187 2602; x_wconf 90' lang='lat' dir='ltr'><strong>intendunt</strong></span> 
     </span>
     <span class='ocr_line' id='line_1_20' title="bbox 1 2644 1188 2728; baseline 0.002 -22"><span class='ocrx_word' id='word_1_170' title='bbox 1 2645 2 2716; x_wconf 82' lang='lat' dir='ltr'><strong>l</strong></span> <span class='ocrx_word' id='word_1_171' title='bbox 61 2651 94 2707; x_wconf 88' lang='lat' dir='ltr'><strong>ut</strong></span> <span class='ocrx_word' id='word_1_172' title='bbox 107 2650 195 2710; x_wconf 90' lang='lat' dir='ltr'><strong>recte</strong></span> <span class='ocrx_word' id='word_1_173' title='bbox 212 2645 376 2710; x_wconf 89' lang='lat' dir='ltr'><strong>culturam</strong></span> <span class='ocrx_word' id='word_1_174' title='bbox 393 2649 574 2726; x_wconf 82' lang='lat' dir='ltr'><strong>exerceant,</strong></span> <span class='ocrx_word' id='word_1_175' title='bbox 591 2645 741 2710; x_wconf 89' lang='lat' dir='ltr'><strong>similiter</strong></span> <span class='ocrx_word' id='word_1_176' title='bbox 768 2651 801 2710; x_wconf 91' lang='lat' dir='ltr'><strong>et</strong></span> <span class='ocrx_word' id='word_1_177' title='bbox 816 2645 1008 2728; x_wconf 83' lang='lat' dir='ltr'><strong>magistrum</strong></span> <span class='ocrx_word' id='word_1_178' title='bbox 1025 2644 1188 2726; x_wconf 89' lang='lat' dir='ltr'><strong>silvarum,</strong></span> 
     </span>
     <span class='ocr_line' id='line_1_21' title="bbox 1 2727 1187 2838; baseline -0.001 -20"><span class='ocrx_word' id='word_1_179' title='bbox 1 2727 3 2818; x_wconf 89' lang='lat' dir='ltr'><strong>l</strong></span> <span class='ocrx_word' id='word_1_180' title='bbox 62 2753 111 2832; x_wconf 90' lang='lat' dir='ltr'><strong>qni</strong></span> <span class='ocrx_word' id='word_1_181' title='bbox 126 2759 258 2835; x_wconf 88' lang='lat' dir='ltr'><strong>praeest</strong></span> <span class='ocrx_word' id='word_1_182' title='bbox 274 2752 371 2834; x_wconf 88' lang='lat' dir='ltr'><strong>silvis,</strong></span> <span class='ocrx_word' id='word_1_183' title='bbox 383 2759 466 2818; x_wconf 89' lang='lat' dir='ltr'><strong>etue</strong></span> <span class='ocrx_word' id='word_1_184' title='bbox 483 2757 605 2816; x_wconf 89' lang='lat' dir='ltr'><strong>temere</strong></span> <span class='ocrx_word' id='word_1_185' title='bbox 621 2753 860 2837; x_wconf 89' lang='lat' dir='ltr'><strong>praecidantur,</strong></span> <span class='ocrx_word' id='word_1_186' title='bbox 871 2753 1027 2838; x_wconf 88' lang='lat' dir='ltr'><strong>providet</strong></span> <span class='ocrx_word' id='word_1_187' title='bbox 1044 2751 1187 2817; x_wconf 85' lang='lat' dir='ltr'><strong>Proinde</strong></span> 
     </span>
     <span class='ocr_line' id='line_1_22' title="bbox 63 2857 1187 2944; baseline 0.003 -21.791"><span class='ocrx_word' id='word_1_188' title='bbox 63 2857 198 2926; x_wconf 89' lang='lat' dir='ltr'><strong>director</strong></span> <span class='ocrx_word' id='word_1_189' title='bbox 214 2867 247 2926; x_wconf 90' lang='lat' dir='ltr'><strong>et</strong></span> <span class='ocrx_word' id='word_1_190' title='bbox 264 2861 439 2926; x_wconf 89' lang='lat' dir='ltr'><strong>consiliarii</strong></span> <span class='ocrx_word' id='word_1_191' title='bbox 464 2861 569 2926; x_wconf 85' lang='lat' dir='ltr'><strong>nostri</strong></span> <span class='ocrx_word' id='word_1_192' title='bbox 586 2859 626 2925; x_wconf 91' lang='lat' dir='ltr'><strong>de</strong></span> <span class='ocrx_word' id='word_1_193' title='bbox 643 2859 764 2926; x_wconf 85' lang='lat' dir='ltr'><strong>talibus</strong></span> <span class='ocrx_word' id='word_1_194' title='bbox 780 2862 945 2944; x_wconf 83' lang='lat' dir='ltr'><strong>magistris</strong></span> <span class='ocrx_word' id='word_1_195' title='bbox 961 2865 1187 2926; x_wconf 88' lang='lat' dir='ltr'><strong>montanorum</strong></span> 
     </span>
     <span class='ocr_line' id='line_1_23' title="bbox 1 2966 1187 3054; baseline 0.006 -27"><span class='ocrx_word' id='word_1_196' title='bbox 1 2973 3 3018; x_wconf 83' lang='lat' dir='ltr'><strong>l</strong></span> <span class='ocrx_word' id='word_1_197' title='bbox 64 2969 92 3028; x_wconf 89' lang='lat' dir='ltr'><strong>st</strong></span> <span class='ocrx_word' id='word_1_198' title='bbox 105 2967 257 3032; x_wconf 86' lang='lat' dir='ltr'><strong>silvarum</strong></span> <span class='ocrx_word' id='word_1_199' title='bbox 282 2967 406 3034; x_wconf 86' lang='lat' dir='ltr'><strong>idoneis</strong></span> <span class='ocrx_word' id='word_1_200' title='bbox 431 2967 633 3054; x_wconf 78' lang='lat' dir='ltr'><strong>provideant,</strong></span> <span class='ocrx_word' id='word_1_201' title='bbox 650 2975 683 3034; x_wconf 90' lang='lat' dir='ltr'><strong>et</strong></span> <span class='ocrx_word' id='word_1_202' title='bbox 699 2969 786 3052; x_wconf 89' lang='lat' dir='ltr'><strong>ipsos</strong></span> <span class='ocrx_word' id='word_1_203' title='bbox 806 2967 848 3032; x_wconf 91' lang='lat' dir='ltr'><strong>ad</strong></span> <span class='ocrx_word' id='word_1_204' title='bbox 864 2966 1115 3034; x_wconf 87' lang='lat' dir='ltr'><strong>ratificationem</strong></span> <span class='ocrx_word' id='word_1_205' title='bbox 1131 2989 1187 3034; x_wconf 94' lang='lat' dir='ltr'><strong>no·</strong></span> 
     </span>
    </p>

    <p class='ocr_par' dir='ltr' id='par_1_4' title="bbox 18 3077 1186 3268">
     <span class='ocr_line' id='line_1_24' title="bbox 65 3077 383 3142; baseline 0.013 -6"><span class='ocrx_word' id='word_1_206' title='bbox 65 3077 156 3140; x_wconf 87' lang='lat' dir='ltr'><strong>stram</strong></span> <span class='ocrx_word' id='word_1_207' title='bbox 172 3077 383 3142; x_wconf 85' lang='lat' dir='ltr'><strong>constituant.</strong></span> 
     </span>
     <span class='ocr_line' id='line_1_25' title="bbox 18 3165 1186 3268; baseline -0.001 -20"><span class='ocrx_word' id='word_1_208' title='bbox 18 3165 22 3176; x_wconf 50' lang='lat'>¹</span> <span class='ocrx_word' id='word_1_209' title='bbox 162 3183 328 3268; x_wconf 90' lang='lat' dir='ltr'><strong>Imprimis</strong></span> <span class='ocrx_word' id='word_1_210' title='bbox 345 3204 420 3250; x_wconf 91' lang='lat' dir='ltr'><strong>vero</strong></span> <span class='ocrx_word' id='word_1_211' title='bbox 437 3203 552 3248; x_wconf 86' lang='lat' dir='ltr'><strong>aurum</strong></span> <span class='ocrx_word' id='word_1_212' title='bbox 568 3181 698 3248; x_wconf 87' lang='lat' dir='ltr'><strong>lavandi</strong></span> <span class='ocrx_word' id='word_1_213' title='bbox 715 3189 749 3247; x_wconf 90' lang='lat' dir='ltr'><strong>et</strong></span> <span class='ocrx_word' id='word_1_214' title='bbox 764 3181 945 3248; x_wconf 87' lang='lat' dir='ltr'><strong>redimendi</strong></span> <span class='ocrx_word' id='word_1_215' title='bbox 971 3187 1094 3248; x_wconf 87' lang='lat' dir='ltr'><strong>certum</strong></span> <span class='ocrx_word' id='word_1_216' title='bbox 1112 3205 1186 3249; x_wconf 92' lang='lat' dir='ltr'><strong>con·</strong></span> 
     </span>
    </p>

    <p class='ocr_par' dir='ltr' id='par_1_5' title="bbox 69 3288 1187 3375">
     <span class='ocr_line' id='line_1_26' title="bbox 69 3288 1187 3375; baseline 0.003 -24"><span class='ocrx_word' id='word_1_217' title='bbox 69 3288 193 3356; x_wconf 70' lang='lat' dir='ltr'><strong>stitmnt</strong></span> <span class='ocrx_word' id='word_1_218' title='bbox 203 3291 343 3374; x_wconf 90' lang='lat' dir='ltr'><strong>modum,</strong></span> <span class='ocrx_word' id='word_1_219' title='bbox 359 3297 459 3375; x_wconf 88' lang='lat' dir='ltr'><strong>utque</strong></span> <span class='ocrx_word' id='word_1_220' title='bbox 476 3289 623 3358; x_wconf 82' lang='lat' dir='ltr'><strong>wallaehi</strong></span> <span class='ocrx_word' id='word_1_221' title='bbox 640 3294 698 3354; x_wconf 88' lang='lat' dir='ltr'><strong>aut</strong></span> <span class='ocrx_word' id='word_1_222' title='bbox 708 3291 773 3374; x_wconf 86' lang='lat' dir='ltr'><strong>alii,</strong></span> <span class='ocrx_word' id='word_1_223' title='bbox 783 3291 839 3374; x_wconf 88' lang='lat' dir='ltr'><strong>qui</strong></span> <span class='ocrx_word' id='word_1_224' title='bbox 850 3291 989 3355; x_wconf 84' lang='lat' dir='ltr'><strong>lotiones</strong></span> <span class='ocrx_word' id='word_1_225' title='bbox 1001 3291 1083 3356; x_wconf 85' lang='lat' dir='ltr'><strong>tales</strong></span> <span class='ocrx_word' id='word_1_226' title='bbox 1099 3313 1187 3356; x_wconf 89' lang='lat' dir='ltr'><strong>exer-</strong></span> 
     </span>
    </p>

    <p class='ocr_par' dir='ltr' id='par_1_6' title="bbox 1 3398 1185 3631">
     <span class='ocr_line' id='line_1_27' title="bbox 69 3398 1185 3486; baseline 0.002 -24"><span class='ocrx_word' id='word_1_227' title='bbox 69 3405 140 3482; x_wconf 87' lang='lat' dir='ltr'><strong>cent,</strong></span> <span class='ocrx_word' id='word_1_228' title='bbox 155 3421 267 3466; x_wconf 87' lang='lat' dir='ltr'><strong>secure</strong></span> <span class='ocrx_word' id='word_1_229' title='bbox 283 3407 316 3466; x_wconf 93' lang='lat' dir='ltr'><strong>et</strong></span> <span class='ocrx_word' id='word_1_230' title='bbox 332 3400 454 3486; x_wconf 89' lang='lat' dir='ltr'><strong>absque</strong></span> <span class='ocrx_word' id='word_1_231' title='bbox 471 3398 620 3466; x_wconf 91' lang='lat' dir='ltr'><strong>omnibns</strong></span> <span class='ocrx_word' id='word_1_232' title='bbox 637 3399 763 3464; x_wconf 87' lang='lat' dir='ltr'><strong>iniuriis</strong></span> <span class='ocrx_word' id='word_1_233' title='bbox 780 3404 813 3463; x_wconf 90' lang='lat' dir='ltr'><strong>et</strong></span> <span class='ocrx_word' id='word_1_234' title='bbox 827 3399 989 3465; x_wconf 89' lang='lat' dir='ltr'><strong>violentiis</strong></span> <span class='ocrx_word' id='word_1_235' title='bbox 999 3399 1094 3464; x_wconf 91' lang='lat' dir='ltr'><strong>liberi</strong></span> <span class='ocrx_word' id='word_1_236' title='bbox 1112 3401 1185 3484; x_wconf 83' lang='lat' dir='ltr'><strong>sint,</strong></span> 
     </span>
     <span class='ocr_line' id='line_1_28' title="bbox 1 3510 431 3631; baseline 0.014 -63"><span class='ocrx_word' id='word_1_237' title='bbox 1 3537 3 3631; x_wconf 29' lang='grc' dir='ltr'>ι</span> <span class='ocrx_word' id='word_1_238' title='bbox 68 3517 190 3574; x_wconf 83' lang='lat' dir='ltr'><strong>careant</strong></span> <span class='ocrx_word' id='word_1_239' title='bbox 207 3515 241 3574; x_wconf 89' lang='lat' dir='ltr'><strong>et</strong></span> <span class='ocrx_word' id='word_1_240' title='bbox 257 3510 431 3574; x_wconf 88' lang='lat' dir='ltr'><strong>enitentur.</strong></span> 
     </span>
    </p>

    <p class='ocr_par' dir='ltr' id='par_1_7' title="bbox 162 3615 1187 3700">
     <span class='ocr_line' id='line_1_29' title="bbox 162 3615 1187 3700; baseline -0.001 -19"><span class='ocrx_word' id='word_1_241' title='bbox 162 3615 336 3683; x_wconf 83' lang='lat' dir='ltr'><strong>Caeterum</strong></span> <span class='ocrx_word' id='word_1_242' title='bbox 354 3617 415 3682; x_wconf 83' lang='lat' dir='ltr'><strong>etsi</strong></span> <span class='ocrx_word' id='word_1_243' title='bbox 432 3615 471 3680; x_wconf 90' lang='lat' dir='ltr'><strong>dc</strong></span> <span class='ocrx_word' id='word_1_244' title='bbox 482 3615 653 3681; x_wconf 89' lang='lat' dir='ltr'><strong>tricesimis</strong></span> <span class='ocrx_word' id='word_1_245' title='bbox 664 3615 801 3700; x_wconf 89' lang='lat' dir='ltr'><strong>aliisque</strong></span> <span class='ocrx_word' id='word_1_246' title='bbox 829 3616 1041 3700; x_wconf 81' lang='lat' dir='ltr'><strong>vectigalibus</strong></span> <span class='ocrx_word' id='word_1_247' title='bbox 1060 3617 1187 3700; x_wconf 89' lang='lat' dir='ltr'><strong>provin·</strong></span> 
     </span>
    </p>

    <p class='ocr_par' dir='ltr' id='par_1_8' title="bbox 1 3703 1187 4593">
     <span class='ocr_line' id='line_1_30' title="bbox 1 3703 1185 3811; baseline 0.006 -27"><span class='ocrx_word' id='word_1_248' title='bbox 1 3703 2 3780; x_wconf 87' lang='lat' dir='ltr'><strong>l</strong></span> <span class='ocrx_word' id='word_1_249' title='bbox 69 3722 125 3788; x_wconf 82' lang='lat' dir='ltr'><strong>riae</strong></span> <span class='ocrx_word' id='word_1_250' title='bbox 138 3727 230 3792; x_wconf 87' lang='lat' dir='ltr'><strong>istius</strong></span> <span class='ocrx_word' id='word_1_251' title='bbox 254 3723 469 3811; x_wconf 91' lang='lat' dir='ltr'><strong>proculdubio</strong></span> <span class='ocrx_word' id='word_1_252' title='bbox 496 3729 585 3790; x_wconf 89' lang='lat' dir='ltr'><strong>certa</strong></span> <span class='ocrx_word' id='word_1_253' title='bbox 611 3724 653 3788; x_wconf 87' lang='lat' dir='ltr'><strong>sit</strong></span> <span class='ocrx_word' id='word_1_254' title='bbox 670 3725 846 3790; x_wconf 86' lang='lat' dir='ltr'><strong>constituta</strong></span> <span class='ocrx_word' id='word_1_255' title='bbox 871 3731 904 3790; x_wconf 91' lang='lat' dir='ltr'><strong>ct</strong></span> <span class='ocrx_word' id='word_1_256' title='bbox 928 3725 1016 3791; x_wconf 84' lang='lat' dir='ltr'><strong>lacta</strong></span> <span class='ocrx_word' id='word_1_257' title='bbox 1032 3725 1185 3791; x_wconf 87' lang='lat' dir='ltr'><strong>limitatio</strong></span> 
     </span>
     <span class='ocr_line' id='line_1_31' title="bbox 70 3829 1186 3918; baseline 0.007 -27.534"><span class='ocrx_word' id='word_1_258' title='bbox 70 3833 239 3916; x_wconf 81' lang='lat' dir='ltr'><strong>eractmnis,</strong></span> <span class='ocrx_word' id='word_1_259' title='bbox 256 3855 340 3918; x_wconf 86' lang='lat' dir='ltr'><strong>quae</strong></span> <span class='ocrx_word' id='word_1_260' title='bbox 351 3831 389 3898; x_wconf 90' lang='lat' dir='ltr'><strong>de</strong></span> <span class='ocrx_word' id='word_1_261' title='bbox 400 3833 537 3914; x_wconf 81' lang='lat' dir='ltr'><strong>singulis</strong></span> <span class='ocrx_word' id='word_1_262' title='bbox 546 3829 652 3915; x_wconf 84' lang='lat' dir='ltr'><strong>rebus,</strong></span> <span class='ocrx_word' id='word_1_263' title='bbox 669 3853 752 3915; x_wconf 88' lang='lat' dir='ltr'><strong>quae</strong></span> <span class='ocrx_word' id='word_1_264' title='bbox 764 3831 983 3917; x_wconf 89' lang='lat' dir='ltr'><strong>importantur</strong></span> <span class='ocrx_word' id='word_1_265' title='bbox 999 3837 1057 3899; x_wconf 88' lang='lat' dir='ltr'><strong>aut</strong></span> <span class='ocrx_word' id='word_1_266' title='bbox 1073 3855 1186 3918; x_wconf 88' lang='lat' dir='ltr'><strong>expor-</strong></span> 
     </span>
     <span class='ocr_line' id='line_1_32' title="bbox 1 3939 1186 4056; baseline 0.003 -54"><span class='ocrx_word' id='word_1_267' title='bbox 1 3957 3 4056; x_wconf 45' lang='grc' dir='ltr'>ι</span> <span class='ocrx_word' id='word_1_268' title='bbox 72 3941 175 4024; x_wconf 82' lang='lat' dir='ltr'><strong>tantm,</strong></span> <span class='ocrx_word' id='word_1_269' title='bbox 199 3941 271 4007; x_wconf 91' lang='lat' dir='ltr'><strong>fieri</strong></span> <span class='ocrx_word' id='word_1_270' title='bbox 297 3945 331 4007; x_wconf 89' lang='lat' dir='ltr'><strong>et</strong></span> <span class='ocrx_word' id='word_1_271' title='bbox 346 3940 509 4007; x_wconf 88' lang='lat' dir='ltr'><strong>observari</strong></span> <span class='ocrx_word' id='word_1_272' title='bbox 535 3939 669 4023; x_wconf 81' lang='lat' dir='ltr'><strong>debeat3</strong></span> <span class='ocrx_word' id='word_1_273' title='bbox 696 3946 805 4006; x_wconf 86' lang='lat' dir='ltr'><strong>temen</strong></span> <span class='ocrx_word' id='word_1_274' title='bbox 831 3941 1006 4007; x_wconf 84' lang='lat' dir='ltr'><strong>consiliarii</strong></span> <span class='ocrx_word' id='word_1_275' title='bbox 1033 3942 1134 4008; x_wconf 90' lang='lat' dir='ltr'><strong>nostri</strong></span> <span class='ocrx_word' id='word_1_276' title='bbox 1161 3943 1186 4006; x_wconf 87' lang='lat' dir='ltr'><strong>si</strong></span> 
     </span>
     <span class='ocr_line' id='line_1_33' title="bbox 1 4047 1186 4168; baseline 0.003 -58"><span class='ocrx_word' id='word_1_277' title='bbox 1 4085 3 4168; x_wconf 42' lang='grc' dir='ltr'><em>ν</em></span> <span class='ocrx_word' id='word_1_278' title='bbox 73 4047 138 4126; x_wconf 91' lang='lat' dir='ltr'><strong>quid</strong></span> <span class='ocrx_word' id='word_1_279' title='bbox 152 4049 200 4116; x_wconf 87' lang='lat' dir='ltr'><strong>his</strong></span> <span class='ocrx_word' id='word_1_280' title='bbox 216 4049 392 4134; x_wconf 86' lang='lat' dir='ltr'><strong>diligenter</strong></span> <span class='ocrx_word' id='word_1_281' title='bbox 417 4049 597 4133; x_wconf 89' lang='lat' dir='ltr'><strong>perspectis</strong></span> <span class='ocrx_word' id='word_1_282' title='bbox 620 4069 659 4114; x_wconf 90' lang='lat' dir='ltr'><strong>ac</strong></span> <span class='ocrx_word' id='word_1_283' title='bbox 675 4049 868 4114; x_wconf 86' lang='lat' dir='ltr'><strong>examinatis</strong></span> <span class='ocrx_word' id='word_1_284' title='bbox 885 4049 988 4116; x_wconf 89' lang='lat' dir='ltr'><strong>inesse</strong></span> <span class='ocrx_word' id='word_1_285' title='bbox 1005 4054 1062 4115; x_wconf 89' lang='lat' dir='ltr'><strong>aut</strong></span> <span class='ocrx_word' id='word_1_286' title='bbox 1078 4047 1186 4114; x_wconf 88' lang='lat' dir='ltr'><strong>deesse</strong></span> 
     </span>
     <span class='ocr_line' id='line_1_34' title="bbox 1 4155 1186 4243; baseline 0.005 -27"><span class='ocrx_word' id='word_1_287' title='bbox 1 4179 4 4239; x_wconf 62' lang='lat' dir='ltr'><strong>v</strong></span> <span class='ocrx_word' id='word_1_288' title='bbox 76 4159 280 4241; x_wconf 80' lang='lat' dir='ltr'><strong>compererint,</strong></span> <span class='ocrx_word' id='word_1_289' title='bbox 298 4156 386 4242; x_wconf 91' lang='lat' dir='ltr'><strong>quod</strong></span> <span class='ocrx_word' id='word_1_290' title='bbox 400 4179 460 4243; x_wconf 89' lang='lat' dir='ltr'><strong>pro</strong></span> <span class='ocrx_word' id='word_1_291' title='bbox 477 4157 592 4223; x_wconf 90' lang='lat' dir='ltr'><strong>maiori</strong></span> <span class='ocrx_word' id='word_1_292' title='bbox 617 4165 730 4222; x_wconf 88' lang='lat' dir='ltr'><strong>nostra</strong></span> <span class='ocrx_word' id='word_1_293' title='bbox 746 4157 891 4222; x_wconf 88' lang='lat' dir='ltr'><strong>utilitate</strong></span> <span class='ocrx_word' id='word_1_294' title='bbox 908 4157 1018 4241; x_wconf 89' lang='lat' dir='ltr'><strong>aliqua</strong></span> <span class='ocrx_word' id='word_1_295' title='bbox 1033 4155 1186 4223; x_wconf 84' lang='lat' dir='ltr'><strong>reforma-</strong></span> 
     </span>
     <span class='ocr_line' id='line_1_35' title="bbox 1 4258 1187 4368; baseline 0.008 -47"><span class='ocrx_word' id='word_1_296' title='bbox 1 4300 2 4368; x_wconf 67' lang='lat'><strong>,</strong></span> <span class='ocrx_word' id='word_1_297' title='bbox 73 4258 145 4328; x_wconf 90' lang='lat' dir='ltr'><strong>tione</strong></span> <span class='ocrx_word' id='word_1_298' title='bbox 159 4287 238 4350; x_wconf 89' lang='lat' dir='ltr'><strong>opus</strong></span> <span class='ocrx_word' id='word_1_299' title='bbox 262 4265 402 4330; x_wconf 88' lang='lat' dir='ltr'><strong>habent:</strong></span> <span class='ocrx_word' id='word_1_300' title='bbox 429 4263 469 4330; x_wconf 89' lang='lat' dir='ltr'><strong>de</strong></span> <span class='ocrx_word' id='word_1_301' title='bbox 494 4285 532 4330; x_wconf 88' lang='lat' dir='ltr'><strong>eo</strong></span> <span class='ocrx_word' id='word_1_302' title='bbox 549 4285 608 4330; x_wconf 88' lang='lat' dir='ltr'><strong>nos</strong></span> <span class='ocrx_word' id='word_1_303' title='bbox 624 4262 807 4348; x_wconf 86' lang='lat' dir='ltr'><strong>informent,</strong></span> <span class='ocrx_word' id='word_1_304' title='bbox 833 4285 938 4348; x_wconf 87' lang='lat' dir='ltr'><strong>neque</strong></span> <span class='ocrx_word' id='word_1_305' title='bbox 965 4271 1074 4330; x_wconf 87' lang='lat' dir='ltr'><strong>tamen</strong></span> <span class='ocrx_word' id='word_1_306' title='bbox 1100 4265 1187 4350; x_wconf 90' lang='lat' dir='ltr'><strong>quic·</strong></span> 
     </span>
     <span class='ocr_line' id='line_1_36' title="bbox 1 4371 1119 4457; baseline -0.003 -16"><span class='ocrx_word' id='word_1_307' title='bbox 1 4438 2 4441; x_wconf 74' lang='grc'>,</span> <span class='ocrx_word' id='word_1_308' title='bbox 78 4387 157 4448; x_wconf 88' lang='lat' dir='ltr'><strong>quam</strong></span> <span class='ocrx_word' id='word_1_309' title='bbox 171 4379 306 4456; x_wconf 87' lang='lat' dir='ltr'><strong>mutent,</strong></span> <span class='ocrx_word' id='word_1_310' title='bbox 322 4374 384 4440; x_wconf 88' lang='lat' dir='ltr'><strong>nisi</strong></span> <span class='ocrx_word' id='word_1_311' title='bbox 400 4373 434 4438; x_wconf 94' lang='lat' dir='ltr'><strong>id</strong></span> <span class='ocrx_word' id='word_1_312' title='bbox 449 4393 605 4438; x_wconf 91' lang='lat' dir='ltr'><strong>consensu</strong></span> <span class='ocrx_word' id='word_1_313' title='bbox 622 4379 733 4439; x_wconf 91' lang='lat' dir='ltr'><strong>nostro</strong></span> <span class='ocrx_word' id='word_1_314' title='bbox 749 4371 849 4438; x_wconf 87' lang='lat' dir='ltr'><strong>suerit</strong></span> <span class='ocrx_word' id='word_1_315' title='bbox 866 4373 1119 4457; x_wconf 90' lang='lat' dir='ltr'><strong>comprobatum.</strong></span> 
     </span>
     <span class='ocr_line' id='line_1_37' title="bbox 1 4450 1187 4593; baseline 0.003 -47"><span class='ocrx_word' id='word_1_316' title='bbox 1 4450 3 4593; x_wconf 62' lang='lat' dir='ltr'><strong>l</strong></span> <span class='ocrx_word' id='word_1_317' title='bbox 164 4480 349 4566; x_wconf 81' lang='lat' dir='ltr'><strong>Diligenter</strong></span> <span class='ocrx_word' id='word_1_318' title='bbox 374 4482 471 4547; x_wconf 90' lang='lat' dir='ltr'><strong>etiam</strong></span> <span class='ocrx_word' id='word_1_319' title='bbox 498 4480 688 4562; x_wconf 87' lang='lat' dir='ltr'><strong>deliberent,</strong></span> <span class='ocrx_word' id='word_1_320' title='bbox 708 4503 773 4566; x_wconf 86' lang='lat' dir='ltr'><strong>qua</strong></span> <span class='ocrx_word' id='word_1_321' title='bbox 788 4483 915 4548; x_wconf 89' lang='lat' dir='ltr'><strong>rationo</strong></span> <span class='ocrx_word' id='word_1_322' title='bbox 931 4483 1070 4565; x_wconf 86' lang='lat' dir='ltr'><strong>vectigal</strong></span> <span class='ocrx_word' id='word_1_323' title='bbox 1086 4505 1187 4549; x_wconf 92' lang='lat' dir='ltr'><strong>unum</strong></span> 
     </span>
    </p>
   </div>
   <div class='ocr_carea' id='block_1_4' title="bbox 78 4583 1187 4769">
    <p class='ocr_par' dir='ltr' id='par_1_9' title="bbox 78 4583 1187 4769">
     <span class='ocr_line' id='line_1_38' title="bbox 78 4583 1187 4658; baseline 0.011 -14"><span class='ocrx_word' id='word_1_324' title='bbox 78 4583 189 4654; x_wconf 83' lang='lat' dir='ltr'><strong>elidem</strong></span> <span class='ocrx_word' id='word_1_325' title='bbox 212 4591 246 4656; x_wconf 91' lang='lat' dir='ltr'><strong>in</strong></span> <span class='ocrx_word' id='word_1_326' title='bbox 273 4587 422 4656; x_wconf 88' lang='lat' dir='ltr'><strong>omnibus</strong></span> <span class='ocrx_word' id='word_1_327' title='bbox 448 4590 685 4656; x_wconf 86' lang='lat' dir='ltr'><strong>tricesimarum</strong></span> <span class='ocrx_word' id='word_1_328' title='bbox 710 4590 791 4656; x_wconf 88' lang='lat' dir='ltr'><strong>locis</strong></span> <span class='ocrx_word' id='word_1_329' title='bbox 815 4591 944 4658; x_wconf 90' lang='lat' dir='ltr'><strong>institui</strong></span> <span class='ocrx_word' id='word_1_330' title='bbox 971 4595 1004 4656; x_wconf 87' lang='lat' dir='ltr'><strong>et</strong></span> <span class='ocrx_word' id='word_1_331' title='bbox 1022 4589 1187 4657; x_wconf 86' lang='lat' dir='ltr'><strong>observari</strong></span> 
     </span>
     <span class='ocr_line' id='line_1_39' title="bbox 81 4699 166 4769; baseline 0.094 -17"><span class='ocrx_word' id='word_1_332' title='bbox 81 4699 166 4769; x_wconf 86' lang='lat' dir='ltr'><strong>queat.</strong></span> 
     </span>
    </p>
   </div>
   <div class='ocr_carea' id='block_1_5' title="bbox 0 0 1520 5416">
    <p class='ocr_par' dir='ltr' id='par_1_10' title="bbox 0 0 1520 5416">
     <span class='ocr_line' id='line_1_40' title="bbox 0 0 1520 5416; baseline 0 0"><span class='ocrx_word' id='word_1_333' title='bbox 0 0 1520 5416; x_wconf 95' lang='lat' dir='ltr'><strong> </strong></span> 
     </span>
    </p>
   </div>
  </div>
 </body>
</html>
