3218 5424
568 484 660 542 1607.
677 504 765 544 sunus.
783 485 925 542 21-25.
1252 482 1317 545 549
1440 547 1442 550 ,

292 659 344 727 Aa
361 661 488 747 sztkely
503 661 611 726 uraim
625 659 655 724 is
670 679 746 724 ezen
760 655 936 724 fizetesben
951 677 989 724 az
1004 657 1137 726 hathat
1151 661 1250 746 penzt
1266 683 1318 728 oa-

182 772 315 856 pitatim
331 772 474 856 exceptis
490 770 659 854 inquilinis
675 767 772 853 igirik
788 767 979 852 megfizetni.

293 896 346 985 (3)
362 897 553 982 Mierthogy
578 895 817 963 Monostornak
842 895 963 962 Tbmtis
978 896 1214 983 vtrmegyebeu
1232 901 1319 968 leub-

182 1007 248 1074 nek
263 1007 360 1074 torol<
375 1005 517 1072 kezeben
534 1008 623 1071 estse
639 1003 888 1088 orsztgunknak
904 1005 1035 1090 nyilvan
1050 1005 1122 1073 valo
1138 1008 1319 1074 romlatsara

182 1119 217 1183 es
233 1116 466 1182 veszedolmere
490 1115 594 1198 lenne,
619 1117 673 1180 ebt
688 1113 784 1198 eddig
808 1114 837 1183 is
861 1113 998 1181 lebetett
1012 1115 1116 1200 volna,
1140 1116 1185 1184 ha
1208 1115 1320 1203 Vajda

180 1223 297 1290 Istvan
321 1245 419 1306 maga
442 1223 606 1306 kbltsegin
630 1225 729 1308 nepot
752 1223 883 1288 tartvan
907 1222 1012 1289 benne
1030 1243 1103 1290 nem
1128 1225 1319 1293 oltalmazta

182 1333 297 1399 volna:
313 1323 472 1417 vegeztuk
498 1335 596 1416 azert,
622 1327 714 1418 hogy'
732 1332 777 1398 ha
792 1331 904 1398 Torok
918 1331 1032 1398 Istvtn
1057 1355 1150 1400 uram
1166 1336 1269 1420 tpitni
1284 1337 1318 1402 ts
1440 1385 1441 1390 η
1494 1363 1510 1384 ·-

180 1442 240 1508 rea
255 1443 379 1527 gondot
394 1443 509 1509 viselni
524 1463 597 1508 nem
622 1440 755 1524 akarna,
771 1442 864 1507 tehtt
880 1463 917 1507 az
930 1441 1072 1527 jbvendb
1088 1442 1234 1528 gytlesig
1249 1465 1317 1512 ma·

180 1549 301 1636 radjon
316 1543 428 1637 Vajda
443 1551 558 1618 Istvs'an
574 1549 717 1632 kezentl,
727 1549 822 1634 birja,
839 1552 950 1635 epitse,
967 1551 1001 1617 es
1016 1549 1061 1617 ha
1076 1547 1187 1618 ueros
1202 1547 1318 1619 Istv'tn

181 1681 276 1725 uram
293 1659 323 1724 el
339 1681 413 1725 nem
430 1659 512 1726 aliar
528 1659 596 1724 tole
619 1655 783 1742 szakadni,
809 1657 913 1725 akkor
927 1655 1112 1745 reiundtlja
1127 1657 1238 1746 Vajda
1253 1659 1318 1727 Isa

182 1768 313 1834 vannak
329 1768 425 1852 eddig
440 1769 513 1834 valui
539 1767 697 1852 koltsegit
712 1769 746 1833 es
771 1768 877 1834 valtsa
890 1789 965 1852 meg
980 1768 1079 1854 tolle;
1094 1768 1139 1835 ha
1154 1772 1231 1854 meg*
1241 1789 1317 1834 nem

182 1877 300 1963 akarja
315 1877 449 1960 valtani,
467 1876 611 1943 brbkben
626 1874 797 1960 maradjon
814 1875 926 1962 Vajda
943 1866 1131 1944 Istvtnnak.

290 2001 361 2070 Nos
385 2005 500 2094 itaque
522 2001 704 2092 praemissa
738 2003 975 2088 supplicatione
999 2002 1142 2070 fidelium
1172 2001 1316 2071 domino·

183 2134 255 2179 rum
272 2121 457 2179 nostrorum
473 2133 646 2198 procerum
665 2117 854 2204 magnatum
870 2115 904 2178 et
920 2109 1086 2202 nobilium,
1103 2115 1317 2206 caeterorum·

184 2243 248 2308 qne
264 2225 408 2311 statuum
425 2228 458 2288 et
474 2222 624 2288 ordinum
640 2221 741 2288 trium
757 2223 926 2288 nationum
942 2221 1100 2308 praedicti
1111 2222 1288 2306 regninost
1308 2223 1314 2235 '

183 2329 439 2416 Transylvaniae
455 2330 594 2415 benigne
610 2331 779 2422 intellecta
798 2335 831 2396 et
847 2331 996 2415 admissa,
1012 2329 1229 2415 praescriptos
1244 2329 1316 2396 uni·

182 2459 293 2506 versos
317 2437 474 2506 articulos
499 2439 593 2506 nobis
617 2439 713 2530 modo
743 2439 924 2529 praemisso
963 2441 1195 2522 praesentatos,
1223 2459 1317 2524 prae-

182 2547 330 2615 sentibus
346 2547 465 2615 litte1is
491 2549 611 2638 nostris
627 2549 667 2614 de
691 2549 789 2616 verbo
814 2547 857 2615 ad
871 2547 1006 2614 verbum
1020 2547 1121 2614 inseri
1136 2550 1169 2613 et
1183 2545 1316 2614 inscribi

180 2656 326 2742 fecimus,
352 2657 554 2746 eosdemque,
571 2679 609 2724 ae
634 2659 742 2726 omnia
767 2663 800 2724 et
824 2657 953 2742 singula
976 2657 1010 2722 in
1026 2657 1147 2723 eisdem
1157 2659 1317 2747 'contenta
1440 2703 1441 2706 ,
1519 2651 1531 2716 ’,

181 2770 273 2832 ratos
292 2771 413 2858 gratos,
430 2771 464 2833 et
482 2771 617 2852 accepta
635 2766 803 2853 habentes,
817 2767 932 2833 iisdem
950 2771 1100 2833 nostrum
1124 2765 1320 2834 consensum

181 2873 374 2941 benevolum
389 2877 513 2960 pariter
524 2882 558 2943 et
573 2897 738 2960 assensum
754 2876 970 2962 praebuimus,
987 2876 1125 2960 illosque
1141 2880 1174 2942 et
1184 2876 1316 2962 quaevis

179 2985 215 3049 in
233 2984 353 3049 eisdem
370 2989 524 3052 contenta
540 2985 731 3052 auttoritate
747 2989 861 3052 nostra
878 2985 1051 3070 principali
1068 2985 1315 3070 acceptavimus,

180 3093 432 3178 approbavimus
457 3093 687 3160 ratificavimus
713 3099 746 3160 et
777 3091 1036 3160 confirmavimus
1061 3091 1231 3160 offerentes
1255 3116 1314 3162 nos
1416 3113 1419 3120 ·

179 3199 329 3286 benigne,
354 3201 442 3286 quod
467 3203 663 3288 praemissos
689 3223 799 3268 omnes
824 3201 979 3269 articulos
1013 3201 1047 3267 in
1073 3201 1222 3268 omnibus
1247 3203 1313 3270 ervis

178 3311 312 3397 punctis
330 3309 483 3376 clausulis
499 3315 531 3376 et
548 3311 695 3376 articulis
711 3317 778 3376 tam
794 3311 929 3396 nosipsi
948 3311 1200 3396 observabimus,
1216 3332 1313 3397 quam

178 3443 239 3506 per
255 3421 336 3487 alios
352 3440 462 3502 omnes
477 3417 589 3485 fideles
605 3425 734 3503 nostros
751 3421 968 3506 cuiuscunque
984 3425 1089 3487 status
1108 3425 1141 3487 et
1157 3417 1313 3487 conditio-

178 3530 232 3594 nis
249 3528 396 3611 existaut,
412 3525 580 3612 observari
604 3527 767 3595 iaciemus
784 3529 856 3596 Imo
873 3533 1079 3614 acceptamus
1096 3529 1313 3615 approbamus

177 3636 379 3704 ratificamus
404 3641 437 3702 et
461 3636 687 3704 confirmamus
703 3638 821 3704 harum
846 3643 1032 3704 nostrarum
1047 3638 1158 3722 vigore
1175 3641 1208 3704 et
1222 3639 1313 3704 testi·

178 3743 290 3810 monio
315 3745 483 3810 literarum
508 3743 681 3811 mediante.
705 3743 830 3812 Datum
855 3745 889 3810 in
914 3744 1034 3830 oppido
1058 3750 1171 3812 nostro
1196 3745 1312 3831 Enied,

179 3851 235 3917 die
247 3856 297 3918 25.
304 3851 506 3937 Septembris
517 3875 601 3920 anno
613 3853 734 3938 alemini
745 3855 915 3920 millesimo
926 3855 1157 3920 sexcentesimo
1168 3855 1313 3939 septime.
1332 3897 1333 3900 =

398 3997 450 4086 (P.
467 3993 528 4085 H.)
775 4037 777 4044 ι
1091 4000 1204 4068 Lecta.

179 4151 310 4224 (Eredeti
325 4152 429 4209 hitales
454 4150 602 4227 peldtnya
622 4172 656 4210 aa
680 4155 748 4210 Erd.
774 4151 1024 4226 Missum-Egylet
1048 4153 1230 4212 birtotaban.
1253 4155 1312 4211 Joa

310 4264 374 4301 cous.
400 4244 516 4321 Karump
533 4245 622 4302 Codex
638 4247 750 4304 cabaa.
767 4247 843 4302 artic.
859 4246 940 4304 dica.
960 4246 1057 4306 Trana.
1073 4245 1111 4301 ΙΙ.
1127 4242 1194 4319 kur.)
