3062 5414
550 545 643 602 1602.
660 564 723 600 aro.
836 539 843 548 ’
1140 539 1204 598 129

78 739 145 784 rum
158 723 196 784 ut
206 717 447 802 quamprimum
458 714 654 783 screnitatis
663 713 704 784 V.
714 715 810 803 litere
827 735 866 780 ea
882 713 922 780 da
932 713 1020 780 read
1035 735 1086 780 me
1103 715 1203 802 allato

79 827 201 909 inierint,
215 847 268 892 mo
283 827 395 892 itineri
420 826 596 910 accingam
613 823 697 893 oum
712 825 814 908 igitur
830 824 895 888 iam
912 843 971 906 ego
981 828 1116 907 paratus
1132 823 1202 906 sim,

79 933 256 1000 etinhoras
264 933 454 1000 mandatum
463 931 504 1001 V.
514 931 710 999 Serenitatis
719 952 874 1017 suspenso
893 931 1001 998 animo
1018 935 1203 1015 expectem:

79 1042 219 1124 supplico
236 1039 416 1107 Serenitati
425 1039 575 1122 Vestrae,
591 1040 638 1105 uti
656 1038 786 1104 domiuo
801 1059 874 1104 meo
885 1039 1143 1120 clementissimo,
1159 1037 1206 1102 di-

78 1157 188 1230 gnetur
202 1149 283 1214 mihi
309 1147 502 1234 siguificare,
528 1147 607 1232 quid
622 1146 703 1212 mihi
719 1145 911 1229 iaciendum,
923 1146 1055 1230 quaudo
1079 1143 1206 1231 profici·

78 1257 225 1322 scendum
241 1259 292 1322 sit
303 1257 355 1322 Ea
379 1279 416 1323 re
440 1257 619 1338 intellecta,
637 1257 671 1322 iu
687 1277 738 1320 me
754 1277 846 1320 mora
861 1277 926 1321 nou
943 1255 1007 1320 erit
1021 1255 1098 1320 ulla
1114 1254 1206 1320 Deua

77 1371 136 1448 opt
152 1351 472 1432 marsei-eniam
487 1363 642 1432 Vestram
667 1361 852 1429 felicissime
877 1367 911 1428 ct
936 1361 1115 1428 diutissimo
1131 1383 1205 1428 con·

77 1481 187 1538 seruet
203 1473 245 1538 In
261 1475 353 1538 cuius
377 1473 517 1556 gratiam
537 1491 588 1536 mc
605 1477 638 1536 at
653 1469 764 1536 fidelia
780 1470 919 1536 seruicia
934 1491 1006 1536 mea
1022 1471 1140 1536 itemm
1157 1475 1205 1535 at

77 1602 134 1663 que
149 1581 266 1646 iterum
283 1581 451 1646 humiliter
466 1577 663 1645 commendo.
673 1577 726 1643 Ex
740 1577 858 1646 Vinica
873 1578 990 1644 ultima
1005 1575 1031 1644 J
1032 1577 1089 1661 ulij
1110 1581 1204 1642 1602.

178 1707 373 1774 Serenitatis
389 1713 517 1773 vestrae

641 1813 773 1880 humilis
789 1819 823 1878 ct
837 1812 942 1878 fidelis
958 1813 1097 1878 seruitor

690 1919 732 1987 N.
751 1919 937 2008 Iathuauffy
954 1943 994 1986 m.
1011 1942 1041 2004 p.

177 2096 320 2148 Kolcztm:
337 2091 515 2150 serenissimi
530 2092 650 2164 principi
677 2098 705 2148 et
721 2092 833 2148 domino
864 2091 977 2148 domiuo
993 2091 1141 2159 Matthiae,
1158 2091 1203 2148 dci

76 2183 164 2252 gratia
180 2185 324 2239 archiduei
341 2183 485 2252 Aucti-iac,
502 2183 566 2237 duci
584 2181 775 2256 Burgundiac,
786 2181 881 2239 comiti
897 2181 1003 2237 Tirolis
1019 2189 1072 2238 cte.
1090 2181 1203 2236 domino

76 2291 132 2329 mco
148 2275 376 2332 elementissimo.
396 2273 543 2330 Viennam.

105 2415 244 2490 (Egeszen
261 2417 404 2492 letvcnffy
420 2415 575 2474 bacchica.
591 2417 736 2490 Eredetija
752 2435 769 2474 a
786 2415 862 2472 herai
878 2434 916 2474 ca.
932 2417 996 2474 titk.
1013 2415 1044 2473 lt.
1061 2413 1169 2486 flung.)

567 2641 703 2710 XXVI.

450 2791 545 2854 1602.
568 2792 823 2872 augusatus.

77 2939 193 2997 Mariani
215 2942 373 3010 caulvcnya
397 2961 414 2995 a
430 2942 593 3008 macarios,
619 2943 740 3012 octaory
756 2941 904 3011 lupanar
920 2939 1063 3010 collyrias·
1079 2941 1200 3011 styptica.

175 3076 310 3144 Summa
336 3076 472 3142 duarum
496 3077 756 3158 instructionum,
781 3097 862 3160 quas
896 3097 1000 3142 caua
1026 3075 1200 3142 serenitate

75 3183 180 3268 habeo,
205 3185 341 3270 propria
372 3185 441 3250 eius
465 3205 564 3250 mauu
592 3184 792 3270 subscriptas
826 3189 860 3250 et
894 3185 1026 3269 proprio
1057 3184 1199 3250 munitas

79 3293 188 3376 sigilio.

175 3397 267 3484 Quae
283 3421 374 3467 mous
389 3399 536 3484 inprimis
552 3397 596 3464 ait
613 3417 690 3464 suaa
700 3399 880 3464 maiestatis
896 3397 936 3464 de
952 3397 1098 3466 aduentu
1113 3399 1200 3482 prin·

1 3487 2 3498 ἵ
76 3506 149 3590 cipis
163 3509 197 3572 iu
213 3509 300 3574 hauc
324 3507 446 3592 urbem,
471 3507 663 3592 priuatusua
688 3527 730 3572 au
754 3506 913 3591 publicus,
939 3513 973 3573 et
998 3529 1070 3572 cum
1087 3507 1199 3590 aliqua

75 3633 184 3700 pompa
199 3637 269 3682 esse
286 3614 412 3681 debeat
437 3613 473 3680 Si
498 3614 656 3698 priuatus,
681 3615 773 3679 nulla
789 3620 838 3679 cst
853 3611 1039 3696 difficultas,
1055 3615 1199 3696 incogni-

1 3707 2 3710 '
76 3727 122 3788 tus
137 3725 253 3807 reniet,
279 3721 322 3788 ad
337 3724 476 3788 amicum
492 3721 634 3806 aliquem
661 3728 785 3787 secreto
801 3721 951 3805 diuertet,
967 3720 1092 3787 atinde
1108 3743 1199 3788 suam

75 3831 278 3916 maiestatem,
304 3831 353 3896 uti
377 3832 449 3916 ipsa
463 3829 602 3912 iusserit,
619 3831 797 3896 conueniet
813 3829 849 3896 Si
865 3829 1022 3915 publicus,
1039 3851 1098 3896 aua
1114 3850 1199 3895 aare·

76 3939 153 4004 nitas
168 3947 239 4006 tota
255 3941 288 4004 iu
306 3961 344 4004 eo
355 3946 413 4022 eat,
430 3945 467 4004 ut
482 3939 531 4004 ita
547 3939 734 4024 accipiatur,
750 3946 788 4005 ut
803 3939 949 4006 homiues
965 3939 1086 4022 ubique
1102 3938 1198 4004 iutel-

1 4091 3 4114 ,
76 4043 231 4130 ligantes
255 4047 454 4112 uon‘minus
479 4067 587 4110 caram
613 4067 690 4110 suae
715 4045 880 4111 maiestati
906 4067 991 4110 nunc
1007 4067 1084 4128 esso,
1101 4066 1199 4129 quam

1 4179 2 4186 ¹
77 4153 146 4220 oiim
160 4155 268 4222 fuerit
293 4153 406 4224 Vellet
430 4155 531 4239 igitur
556 4154 669 4219 eadam
685 4155 789 4238 accipi
805 4175 931 4239 pompa,
947 4153 1128 4238 ijsdcmque
1144 4153 1198 4218 be·

1 4339 2 4342 ¹
76 4265 271 4332 nouoleutiae
297 4263 407 4348 siguis,
423 4262 540 4349 quibus
566 4262 644 4328 olim
658 4269 808 4347 rcceptus
823 4261 894 4344 fuit,
911 4260 1091 4345 hospicium
1107 4281 1198 4346 praa-

1 4432 2 4446 ,
77 4371 158 4438 taras
172 4375 306 4462 cuperet
330 4372 364 4437 in
390 4391 465 4438 arco
490 4369 619 4454 habere,
645 4375 683 4438 ut
697 4371 775 4437 olim
800 4367 924 4436 habuit
940 4368 1026 4434 Mihi
1042 4369 1069 4433 si
1085 4368 1198 4452 aliqua

76 4473 207 4546 habetur
222 4479 312 4564 fides,
338 4501 454 4546 censeo
478 4479 658 4565 principem
683 4479 813 4564 publice
838 4476 1063 4564 accipiendum
1080 4481 1113 4542 et
1142 4475 1198 4542 ho-

77 4587 204 4668 spicium
218 4589 394 4674 pristinum
418 4587 569 4654 dandum.
585 4585 641 4654 Ita
665 4588 749 4653 enim
766 4587 859 4652 dccet
874 4585 1116 4672 imperatoriam
1132 4605 1198 4650 ma-

1 4703 2 4784 ,
77 4691 225 4780 iactatam,
238 4697 289 4762 ita
305 4695 399 4762 decet
416 4695 703 4762 celebratissimam
713 4692 890 4781 Austriacp
900 4693 1044 4760 familiae
1061 4693 1198 4759 clamen-

1074 4807 1089 4851 a

131 4837 224 4892 Erdtiyi
239 4837 416 4892 Onzimtiie'sl
426 4839 539 4880 Emlckek
551 4839 577 4878 Υ.
