3042 5404
346 457 410 522 192
719 465 837 519 narbam
853 465 1105 521 onsaloortlnbsns.

344 645 413 704 stra
431 639 594 722 potestate
610 637 706 702 situm
726 658 790 702 non
816 643 874 721 est,
891 657 963 702 cum
981 634 1088 702 edocti
1104 635 1216 702 bacin
1233 655 1268 700 re
1285 657 1349 702 non
1364 633 1449 702 simus.

342 746 408 814 Sed
434 768 506 812 cum
531 745 559 812 is
576 752 708 830 praesto
723 745 833 827 suerit,
850 767 946 829 quem
961 744 1201 810 illustrissimus
1216 744 1363 810 dominus
1378 765 1450 828 gene

341 855 421 920 ralia
445 852 488 919 ad
512 853 692 938 principem
717 874 756 918 ac
780 852 944 917 (lominum
969 857 1117 918 nostrum
1141 853 1297 917 missurus
1312 858 1369 936 est,
1382 853 1449 940 ineo
1498 870 1500 968 p

221 968 223 974 ’
342 983 472 1048 quoquo
488 960 649 1026 deiectum
665 959 734 1025 fore
750 961 876 1026 nullum
891 967 1051 1044 putamus.

342 1130 397 1203 (Aa
417 1129 502 1203 egiss
527 1130 717 1203 Szamoslrozy
733 1128 818 1186 irisa.
834 1129 960 1202 Mcgvan
976 1148 1011 1185 aa
1026 1131 1177 1202 Egyetcmi
1192 1127 1337 1202 kltnyvtrir
1351 1127 1449 1184 herirati
1499 1157 1501 1166 ν

458 1219 717 1294 gylljtemanytbon
734 1219 793 1275 MS.
809 1221 871 1275 I'T.
887 1221 989 1278 Trans.
1006 1221 1115 1278 LXIII.
1135 1221 1285 1276 158--61
1304 1216 1346 1288 ll.)

774 1791 868 1854 1603.
891 1786 997 1854 febr.
1024 1791 1052 1852 l.

559 1961 585 2014 A
607 1960 780 2014 tamiraaad
795 1961 986 2030 mtotpozosa
1009 1979 1027 2015 a
1045 1960 1161 2015 biztoaols
1181 1961 1259 2016 oleat.

448 2093 601 2179 Vectigal
625 2095 810 2179 prouinciae
835 2093 1157 2179 Transsyluaniensis
1180 2117 1240 2181 per
1264 2095 1400 2162 illustres
1422 2115 1450 2157 ar

340 2199 529 2287 magnificos
554 2201 700 2267 dominos
724 2221 805 2267 sacr.
830 2223 911 2267 caes.
927 2201 1100 2286 regiaeque
1124 2203 1305 2270 maiestatis
1330 2200 1450 2268 eiusdem

343 2311 530 2396 prouinciae
557 2309 748 2394 generalem,
774 2309 974 2375 consiliarios
990 2316 1023 2375 et
1038 2309 1224 2395 designatos
1240 2310 1451 2376 commissarios

340 2421 374 2484 in
406 2418 692 2503 Transsyluaniam
718 2416 935 2502 subscriptum
960 2423 994 2482 ct
1018 2415 1252 2502 subsignatum,
1277 2427 1371 2502 prout
1398 2417 1449 2480 iam

342 2526 420 2590 olim
436 2547 456 2589 a
471 2525 616 2610 principe
631 2523 694 2590 fuit
710 2525 933 2592 constitutum.

471 2722 532 2788 De
556 2723 792 2790 tricesima
824 2743 1031 2807 pecorum
1055 2731 1098 2791 et
1120 2723 1341 2811 pecudum.

340 2863 374 2931 A
390 2865 526 2950 singulis
540 2866 643 2934 bobus
658 2867 830 2951 exigantur
871 2915 1147 2934 .....
1200 2868 1219 2934 f.
1244 2907 1288 2917 —-
1313 2875 1353 2935 50
1374 2867 1432 2932 den

340 2971 476 3041 Abuno
492 2981 588 3040 tauro
671 3023 1152 3042 ........
1204 2975 1293 3041 f.-
1318 2981 1357 3043 50
1400 3001 1413 3032 »

340 3079 397 3146 Ab
412 3103 478 3146 una
494 3102 593 3148 vacca
671 3131 1151 3148 ........
1204 3083 1225 3149 f.
1249 3123 1293 3132 -
1317 3089 1357 3152 25
1401 3107 1414 3141 2

341 3185 399 3253 Ab
414 3211 478 3255 uno
494 3190 628 3256 iuvenco
644 3189 765 3255 trienni
805 3237 1147 3256 ......
1201 3191 1222 3258 I.
1246 3231 1291 3241 -
1315 3197 1355 3258 32
1400 3216 1412 3249 ³

339 3293 396 3361 Ab
412 3319 476 3363 uno
492 3319 575 3382 equo
592 3298 702 3365 decem
716 3296 857 3365 florenos
872 3299 1000 3365 valente
1075 3349 1082 3364 .
1142 3350 1150 3366 .
1202 3298 1223 3366 f.
1272 3305 1356 3366 1-
1400 3324 1413 3358 s

339 3403 396 3471 Ab
411 3427 477 3471 una
492 3427 576 3490 equa
599 3455 1148 3474 .........
1201 3407 1222 3474 f.
1246 3447 1290 3458 -
1313 3413 1355 3473 40
1399 3431 1412 3464 »

338 3509 396 3579 Ab
425 3536 491 3580 uno
522 3534 605 3598 equo
635 3515 710 3599 plus
735 3512 845 3580 decem
871 3512 1000 3580 florenis
1019 3515 1156 3599 valente,

445 3623 537 3687 iuxta
552 3622 694 3688 valorem
709 3611 867 3706 erigatur,
888 3621 949 3687 hoo
974 3627 1024 3687 est
1040 3620 1080 3686 de
1095 3623 1158 3686 sin·
1185 3679 1189 3686 ,

446 3730 532 3814 gulis
547 3727 677 3796 florenis
742 3778 1152 3796 .......
1204 3730 1292 3796 I.-
1339 3735 1356 3796 3
1400 3755 1413 3788 a

339 3851 396 3920 Ab
411 3875 475 3920 uno
496 3852 617 3921 bubalo
671 3904 678 3922 .
739 3909 756 3944 ·,
807 3903 1150 3922 ......
1203 3855 1224 3921 f.
1272 3863 1289 3922 1
1398 3879 1413 3912 s

338 3959 374 4027 A
390 3967 519 4028 centum
535 3961 648 4028 ovibus
663 3969 697 4028 et
715 3964 822 4049 capris
874 4010 1151 4030 .....
1204 3962 1224 4028 l.
1272 3969 1355 4030 3-
1398 3985 1412 4020 »

339 4067 373 4134 A
389 4075 519 4136 centum
535 4069 627 4153 agnis
652 4076 728 4138 ante
753 4071 872 4138 festum
886 4069 920 4138 S.
935 4068 961 4136 J
962 4073 1077 4138 canals
1092 4071 1157 4138 Ba·

448 4177 568 4261 ptistao
608 4227 1152 4246 .........
1204 4180 1225 4246 f.
1273 4185 1357 4245 1-
1399 4200 1412 4234 2

338 4301 421 4370 Post
435 4301 554 4368 festum
570 4300 603 4369 S.
621 4301 761 4371 Joannis
807 4353 1151 4371 ......
1204 4305 1224 4372 I
1273 4310 1357 4371 3—
1400 4325 1413 4359 ²

338 4409 372 4476 A
389 4417 518 4477 centum
533 4413 641 4496 porcis
657 4413 814 4497 saginatis
874 4463 1150 4479 .....
1204 4413 1225 4480 I.
1272 4419 1354 4479 3-
1401 4433 1413 4466 ²

338 4517 373 4585 A
390 4525 519 4586 centum
535 4521 641 4604 porois
657 4520 865 4605 cespitalibus
875 4571 1151 4590 .....
1203 4523 1224 4588 s.
1273 4527 1356 4588 150
1400 4544 1412 4577 ι
