3062 5414
329 483 373 546 82
706 495 825 542 znnrtsrr
840 491 1094 544 ouzlsorhnhm.

330 680 401 723 rum
427 659 533 722 coloni
554 657 691 726 inerant.
710 665 809 740 atque
826 659 858 720 in
875 680 1001 722 omnem
1017 661 1158 720 aetatem
1185 663 1218 718 et
1241 677 1353 720 sexum
1368 654 1442 717 dese·

329 767 460 848 nicrint,
469 773 507 830 ut
515 765 719 830 barbaricam
736 763 964 830 crudelitatem
980 765 1077 845 longe
1092 765 1266 828 excessisse
1281 762 1444 827 videantur.

328 871 542 956 Poatprimos
552 879 748 954 contractus,
765 893 846 954 quos
863 893 944 937 saer.
960 893 1043 936 caes.
1060 871 1150 935 Mtas
1165 869 1207 938 V.
1223 893 1295 935 cum
1312 869 1444 934 omnihus

328 979 426 1046 huius
435 981 624 1066 prouinciae
634 979 803 1044 ordinibus
812 981 927 1062 sancit,
936 980 1059 1044 multae
1069 985 1103 1042 et
1115 979 1223 1042 variae
1237 981 1445 1043 successerunt

327 1089 533 1161 mutationes,
548 1087 666 1170 quihus
681 1086 769 1151 hand
785 1086 882 1151 dubie
898 1109 979 1152 secr.
994 1086 1042 1150 M
1057 1085 1100 1154 V.
1115 1108 1181 1150 non
1198 1086 1316 1150 leniter
1340 1083 1445 1151 offendi

328 1197 444 1282 potuit,
469 1197 610 1279 petimus
635 1195 808 1278 supplices,
823 1197 850 1259 si
866 1217 951 1278 quse
967 1194 1074 1260 adhuc
1089 1195 1140 1260 rel
1156 1217 1234 1277 erga
1248 1196 1391 1278 priuatos
1404 1191 1444 1256 rel

328 1304 543 1370 communiter
568 1325 646 1384 erga
671 1304 758 1367 ciues
784 1309 817 1366 et
840 1303 964 1368 incolas
989 1305 1023 1368 in
1048 1305 1157 1368 animo
1177 1301 1355 1368 sauchitis
1370 1300 1445 1368 Vrae

328 1411 514 1477 offensionis
539 1410 660 1475 residet
684 1409 870 1494 difficultas,
895 1433 976 1475 sacr.
992 1410 1040 1476 M.
1055 1410 1096 1478 V.
1112 1433 1172 1494 pro
1189 1412 1303 1476 inusta
1317 1432 1375 1474 sua
1388 1408 1445 1492 ple-

328 1542 435 1604 neque
460 1521 673 1604 imperatoria
696 1521 804 1602 gratia
819 1520 958 1603 henigne
983 1519 1017 1583 id
1037 1541 1142 1584 omme
1158 1541 1239 1584 onus
1252 1540 1378 1600 exuere,
1392 1538 1445 1582 onr-

329 1649 451 1712 nesque
476 1627 614 1692 offensas
638 1627 823 1692 condonare
849 1627 1009 1711 dignetur,
1029 1650 1089 1710 pro
1105 1627 1224 1711 quihus
1239 1649 1300 1692 nec
1315 1628 1392 1691 iuris
1405 1645 1446 1690 or

328 1735 413 1818 dine,
437 1757 498 1800 nec
521 1735 589 1799 alia
613 1735 767 1818 quapiam
793 1741 928 1798 externa
947 1735 1073 1798 ratione
1104 1734 1280 1800 vindictam
1296 1735 1395 1798 ullam
1408 1733 1446 1796 in·

327 1845 453 1909 stituet.

434 1950 615 2034 Postremo,
633 1973 714 2016 sacr.
729 1953 916 2035 imperator,
932 1950 1016 2016 illud
1039 1972 1169 2034 quoqne
1184 1951 1315 2016 silentio
1334 1955 1446 2035 praete

327 2061 394 2126 rire
418 2060 550 2124 minime
576 2079 754 2142 possumus,
780 2057 968 2144 Stephanus
991 2058 1152 2144 Bochkai
1168 2059 1379 2124 clandestinis
1391 2058 1447 2122 suis

326 2167 523 2234 factionibus
532 2167 688 2231 etmultis
703 2166 801 2231 rebus
815 2173 947 2251 praeter
962 2167 1080 2230 scitum
1095 2167 1334 2248 regnicolarum
1348 2167 1447 2248 inique

329 2275 537 2361 perpetratis,
547 2281 705 2356 quantum
715 2296 780 2338 non
790 2274 887 2340 modo
896 2277 931 2340 in
941 2297 1023 2340 sacr.
1032 2273 1138 2340 Mtem
1148 2274 1251 2342 Vram
1261 2276 1411 2340 iniuriose
1420 2279 1447 2336 et

329 2385 407 2448 etin
424 2404 487 2448 ser.
498 2381 705 2448 archiducem
715 2381 976 2446 Maximilianum
987 2383 1313 2465 angustissimamque
1329 2383 1446 2447 domun

327 2489 539 2556 Austriacam
550 2490 784 2556 contumeliose
800 2491 985 2574 deliquerit,
995 2512 1106 2554 verum
1123 2492 1222 2556 etiam
1238 2490 1315 2556 huic
1329 2490 1445 2575 patriae

328 2604 461 2664 nostrae
470 2619 552 2681 quas
561 2599 681 2682 ruinas,
698 2604 732 2663 et
747 2605 870 2682 quanta
886 2596 1006 2662 damna
1022 2598 1255 2664 conciliauerit.
1280 2597 1447 2681 Sigismun-

329 2707 406 2772 dum
427 2703 627 2770 Bathoreum
645 2712 758 2772 contra
772 2709 864 2790 regni
888 2728 1079 2772 consensum
1096 2711 1195 2790 etque
1210 2708 1448 2792 praescitumex

330 2811 454 2900 Opulia
467 2812 607 2898 reduxit,
617 2815 815 2880 clancularie
836 2816 1012 2880 militarem
1037 2814 1184 2880 ordinem
1209 2815 1390 2880 iuramento
1412 2811 1448 2876 ad

328 2943 404 2988 suas
429 2923 592 3006 pertraxit
613 2929 732 3007 partes,
748 2945 813 3006 quo
829 2945 887 2988 suo
903 2921 990 2988 lacto
1005 2924 1165 3006 insignem
1180 2922 1257 2990 huic
1271 2923 1449 3008 prouinciae

330 3027 497 3094 infamiam
523 3029 824 3114 turpitudinemque
849 3031 937 3116 apud
952 3053 1063 3096 omnes
1078 3033 1243 3116 principes
1257 3033 1450 3117 populosque

328 3135 534 3202 Christianos
565 3139 775 3222 comparauit.
799 3137 1009 3204 Prouinciam
1034 3139 1301 3224 populationibus
1326 3139 1449 3222 direpti-

329 3244 653 3328 onibusqueinducto
669 3249 842 3332 peregrino
858 3249 962 3313 milite
979 3248 1156 3313 crudeliter
1164 3247 1279 3314 affixit
1288 3247 1338 3318 Vt
1346 3249 1449 3329 itaque
1523 3275 1524 3278 ¹

329 3355 362 3418 in
386 3358 553 3436 posterum
569 3354 611 3419 sb
626 3355 810 3421 istiusmodi
825 3357 963 3441 inquieti
978 3357 1101 3441 ingenij
1118 3357 1334 3441 peruersitate
1349 3355 1450 3440 patria
1523 3369 1524 3426 ζ

328 3461 410 3526 haec
434 3467 548 3526 nostra
572 3483 593 3526 a
617 3463 714 3529 simili
738 3465 835 3529 ruina
854 3469 886 3528 et
912 3463 1004 3528 clade
1020 3470 1093 3528 tuta
1109 3485 1178 3530 esse
1194 3465 1306 3548 possit,
1322 3464 1450 3530 demisse
1522 3471 1524 3482 ’

326 3569 554 3655 supplicamus,
564 3569 716 3656 dignetur
724 3572 771 3638 M.
788 3571 830 3640 V.
855 3572 917 3637 hac
941 3573 974 3636 in
998 3577 1094 3654 perte
1119 3573 1296 3638 clementer
1325 3571 1450 3637 statutis

326 3679 448 3744 nostris
457 3699 617 3745 annuere:
633 3703 675 3745 ne
685 3683 753 3747 ullo
763 3701 906 3765 unquam
917 3685 1064 3764 tempore
1074 3681 1144 3763 ipse
1154 3679 1342 3766 Stephanus
1351 3679 1450 3746 Boch-

326 3785 392 3871 hay
417 3787 451 3850 in
476 3784 708 3854 Transiluanis
725 3789 812 3854 bone
829 3787 994 3873 possidere
1011 3795 1069 3852 aut
1084 3787 1372 3872 quomodocunque
1387 3789 1450 3852 siue

328 3891 505 3958 mensionis
521 3893 590 3956 siue
606 3915 798 3979 quacunque
808 3897 936 3960 ratione
953 3893 1017 3960 huo
1033 3917 1067 3960 se
1084 3896 1231 3962 conferre
1247 3898 1358 3982 possit,
1373 3915 1449 3962 neue

331 4000 508 4084 quicquam
533 3999 613 4066 iuris
628 4023 772 4085 unquam
788 4001 875 4088 apud
890 4024 950 4068 nos
966 4009 1190 4086 consequatur.

439 4105 598 4174 Constare
623 4131 703 4176 saer.
727 4109 794 4176 Mti
818 4109 909 4180 Vrse
925 4111 1123 4176 arbitramur
1149 4133 1214 4196 qus
1228 4113 1356 4178 ratione
1370 4131 1451 4193 mag·

330 4213 421 4283 nifiei
445 4213 567 4282 domini
593 4215 770 4285 Balthssar
794 4218 1007 4286 Bornemizas
1032 4225 1065 4285 et
1082 4220 1278 4288 Franciscus
1294 4219 1400 4287 Alerd
1413 4217 1450 4283 ob

327 4323 520 4390 fidelitatem
560 4333 675 4392 sacret
707 4328 784 4394 olim
814 4327 897 4393 Mtis
926 4327 1066 4396 Vestrae
1096 4330 1235 4413 genitori
1266 4331 1449 4413 praestitam

329 4433 483 4498 uniuersa
507 4431 594 4499 hona
624 4457 683 4501 sua
714 4437 890 4520 amiserint,
924 4457 1008 4520 quae
1039 4437 1170 4520 quidem
1204 4437 1334 4505 diuersa
1372 4439 1450 4504 bona

328 4561 400 4606 cum
432 4561 453 4605 a
483 4537 620 4606 diuersis
651 4541 831 4628 donatarijs
863 4543 925 4608 hoc
956 4549 1102 4630 tempore
1126 4545 1364 4633 possideantur,
1388 4544 1449 4631 qui·

327 4645 388 4712 bns
413 4667 452 4712 ea
476 4646 545 4710 sine
569 4647 690 4732 insigni
715 4650 837 4715 iniuria
860 4651 960 4716 adimi
985 4675 1048 4718 non
1073 4659 1217 4738 possunt,
1249 4677 1363 4722 eorum
1386 4656 1450 4720 loco
