3030 5416
479 548 573 604 1604.
590 554 705 604 ursula.
778 600 786 614 ,

554 847 647 916 LIV.

465 995 559 1058 1604.
572 993 586 1078 j
599 997 746 1058 anuar.

1 1095 2 1149 i
50 1145 128 1200 aaa
150 1148 177 1200 έι
206 1147 355 1218 Hoffmann
374 1147 564 1216 selterjeeatdae
595 1147 721 1216 Bocskey
745 1147 871 1201 all-odana
889 1147 973 1214 joooi
996 1146 1170 1200 smarauddso

1 2307 2 2355 l

1 2363 3 2399 ι

543 1239 663 1306 ι’ὶῃμέὺιιι.

146 1371 372 1440 Sacratissime
383 1393 504 1455 caesar,
520 1370 647 1438 domine
657 1371 786 1438 domine
803 1370 896 1437 nobis
912 1371 1170 1438 clementissime.

146 1478 310 1545 Fidelium
330 1493 384 1546 ete.
404 1479 611 1546 oblationem.

147 1588 330 1673 Benignnm
355 1587 437 1654 Mais
462 1587 552 1656 Vrae
577 1609 657 1654 saer.
683 1585 871 1653 mandatum
887 1587 939 1653 die
956 1585 1074 1654 XXV.
1091 1583 1170 1670 Sep·

55 1697 178 1762 tembris
202 1699 280 1763 anni
299 1697 470 1782 praeteriti
497 1696 629 1779 editum,
653 1719 719 1762 una
744 1717 816 1761 oum
841 1695 1019 1780 suplieibns
1050 1695 1170 1760 libellis

1 1787 2 1843 l
53 1806 229 1888 spectabilis
253 1828 293 1871 ae
307 1803 473 1888 magnifici
489 1804 612 1870 domini
638 1801 799 1888 Stephani
817 1801 974 1888 Boehkay
990 1803 1169 1868 restitutio-

1 1943 2 1958 *
51 1935 116 1978 nem
139 1915 298 1981 bonorum
324 1935 455 1981 suorum
481 1915 517 1980 in
542 1911 779 1996 Transylvania
803 1913 1020 1994 existentium,
1037 1910 1093 1976 sed
1110 1932 1169 1996 per

53 2018 124 2086 haee
145 2021 377 2090 disturbiorum
401 2029 551 2106 tempora
575 2019 617 2086 ab
636 2041 674 2086 eo
693 2019 909 2084 alienatorum
925 2020 1076 2103 petentis,
1091 2017 1170 2101 legi·

1 2177 2 2202 2
52 2149 116 2193 nus
137 2151 264 2214 qnoque
290 2129 548 2196 donationalium
572 2127 742 2194 literarum
767 2127 869 2210 paria,
894 2127 1081 2212 scriptaque
1098 2147 1168 2191 oae-

53 2239 116 2302 tera
133 2239 223 2304 nobis
241 2237 337 2302 simul
356 2237 555 2303 transmissa.

148 2345 398 2412 Praetensiones
409 2347 551 2411 eiusnon
562 2345 703 2410 iniustae
713 2367 782 2412 esse
798 2344 957 2411 videntur.
973 2341 1061 2409 Nam
1072 2342 1171 2410 dona·

53 2454 147 2520 tiones
169 2456 254 2538 illae,
274 2461 311 2520 ut
330 2476 370 2519 ex
386 2454 573 2518 litterarum
588 2453 682 2538 paria
697 2459 843 2538 apparet,
860 2473 919 2538 pro
935 2450 1086 2517 fidelihus
1102 2451 1171 2516 eius

55 2563 208 2628 servitiisa
225 2561 433 2646 Sigismnndo
448 2561 595 2646 pm'neipe
611 2561 704 2626 annis
723 2565 818 2645 1594,
835 2565 887 2643 95,
904 2565 955 2642 96,
972 2564 1013 2624 97
1032 2563 1066 2624 et
1082 2561 1169 2626 eirea

53 2671 231 2756 principium
258 2675 301 2734 98
326 2670 433 2736 laetae
458 2677 542 2752 sunt,
568 2669 686 2753 quibus
711 2670 912 2754 temporibus
937 2668 1165 2754 Sigismundus

54 2775 293 2864 'lrsnsylvaniae
323 2781 475 2864 princeps
506 2780 648 2844 existens
672 2780 722 2844 ius
748 2785 781 2843 et
805 2783 1002 2863 potestatem
1028 2777 1171 2844 donandi

56 2883 165 2970 habuit,
188 2889 290 2972 igitur
306 2887 368 2952 rite
385 2891 418 2950 et
434 2886 577 2970 legitime
595 2892 763 2952 emanatas
779 2890 856 2951 sunt
872 2884 1073 2951 donationes.

147 2993 270 3062 Amisit
279 3017 356 3061 vero
371 2995 459 3062 bona
472 2995 531 3061 illa
547 2993 703 3079 Boehlray
719 3002 850 3079 praeter
865 2995 985 3060 iustam
1001 2995 1170 3080 rationem,

56 3103 178 3185 primum
204 3104 282 3188 quia
306 3105 428 3189 partim
444 3123 503 3188 per
519 3103 716 3170 cardinalem
736 3101 907 3169 Andream
924 3101 1082 3188 Bathory‚
1098 3125 1170 3187 par-

58 3213 108 3276 tim
130 3235 185 3298 per
208 3211 406 3279 Michaelem
431 3212 609 3297 vayvodam
627 3213 694 3278 illis
709 3213 857 3298 privatus
873 3217 931 3296 est,
948 3213 1003 3296 qui
1021 3234 1086 3279 non
1102 3211 1170 3277 lue-

56 3327 120 3386 runt
141 3321 278 3406 legitimi
304 3319 559 3406 'l'ransylvaniae
584 3322 755 3406 principes,
771 3327 804 3386 et
821 3327 857 3386 ut
872 3323 922 3386 ius
939 3321 1081 3387 donandi
1098 3322 1170 3388 aliis

57 3447 108 3491 non
117 3427 306 3510 babuerunt,
316 3428 364 3493 ita
373 3427 536 3496 adimendi
551 3451 597 3514 ea,
614 3449 697 3514 qnae
712 3429 857 3512 legitime
874 3427 996 3494 donata
1012 3433 1095 3512 sunt,
1105 3451 1169 3496 non

56 3541 222 3616 potuerunt.

147 3643 274 3710 Deinde
300 3665 363 3710 non
383 3647 517 3728 propter
533 3643 760 3710 infidelitatem
776 3645 833 3710 sed
849 3645 922 3710 ideo
939 3644 1045 3710 dietus
1061 3641 1169 3708 Boch-

1 3831 2 3845 W
57 3745 107 3834 lay
119 3773 173 3836 per
192 3750 402 3818 Cardinalem
418 3752 484 3817 suis
499 3751 593 3818 bonis
608 3753 754 3837 privatus
771 3761 827 3838 est,
844 3753 931 3838 quod
948 3753 1076 3820 vinculo
1092 3751 1169 3817 fide·

57 3855 142 3926 litatis
165 3884 230 3947 quo
255 3861 321 3928 Mti
347 3859 437 3930 Vrae
456 3881 537 3927 saer.
554 3861 730 3928 obstrietus
745 3861 817 3946 luit,
834 3861 1042 3944 inhaerendo,
1058 3867 1169 3946 partes

58 3966 111 4032 eins
133 3971 222 4056 sequi
248 3969 397 4053 noluerit,
422 3989 499 4054 ergo
516 3990 619 4054 neque
636 3991 734 4036 eausa
749 3971 836 4036 iusta
851 3971 913 4036 luit
929 3969 1102 4036 adimendi.
1118 3969 1171 4034 Ex

59 4075 156 4156 quibus
170 4075 318 4144 omnibus
334 4077 490 4162 sequitur,
506 4083 720 4145 memoratum
736 4077 892 4163 Boohlray
908 4077 994 4144 bona
1009 4078 1068 4143 illa
1084 4079 1170 4144 iuste

58 4182 137 4251 titulo
151 4185 349 4270 aquisivisse,
366 4193 399 4250 et
414 4189 545 4270 praeter
561 4209 701 4272 aequum
718 4187 758 4252 iis
773 4189 936 4272 privatum
953 4209 1030 4251 esse.

145 4291 200 4360 Ad
216 4295 457 4361 restitutionem
467 4317 550 4380 vero,
562 4317 659 4380 quam
674 4293 744 4360 fieri
760 4297 852 4380 petit,
869 4294 956 4379 quod
972 4295 1102 4375 attinet,
1118 4315 1170 4359 res

59 4397 178 4468 difficilis
203 4409 261 4486 est,
287 4424 362 4468 nam
387 4409 424 4470 ut
448 4404 553 4470 multa
578 4410 611 4469 et
626 4405 717 4469 varia
732 4409 807 4468 runt
823 4403 917 4486 bona,
936 4403 985 4468 ita
1000 4403 1034 4467 in
1050 4403 1170 4468 multo-

59 4527 115 4574 mm
136 4511 281 4578 manibus
307 4511 460 4595 existunt,
485 4513 608 4596 partim
623 4533 681 4598 per
697 4511 902 4598 supradictos
919 4511 1119 4577 cardinalem
1137 4516 1170 4576 et

60 4611 230 4684 Michaelem
254 4619 433 4703 venedam,
457 4621 577 4704 partim
602 4642 661 4705 per
685 4642 735 4686 me
762 4619 899 4686 Bastam
925 4619 966 4685 ad
991 4617 1167 4702 benignam

60 4719 218 4796 lltisllrae
234 4749 315 4794 saer.
331 4726 582 4798 ratificationem
597 4728 746 4796 fidelibus
763 4735 796 4794 et
811 4728 1018 4795 benemeritis
1037 4727 1168 4812 donata,
