3032 5418
449 508 543 564 1605.
560 525 623 563 sno.
644 509 783 565 14-18.
1117 506 1180 566 393

57 702 113 764 qua
127 703 194 764 sua,
219 701 278 746 nos
303 701 379 745 vero
404 679 468 745 duo
493 678 552 744 filii
568 679 667 745 variis
683 680 797 764 exiliis,
823 681 1067 765 captivitatibus
1082 685 1181 764 atque

56 789 215 872 sanguinis
231 785 450 870 effusionibus,
465 786 656 854 fidelitatem
667 791 699 853 et
708 789 842 854 servitia
857 787 1026 854 Maiestati
1042 788 1182 858 Vestrae

56 895 159 961 debita
183 896 470 980 comprobavimus.
495 894 551 961 Ite
576 902 609 961 et
634 917 720 962 nuno
745 917 896 980 egenen
911 895 1006 962 modo
1032 895 1180 962 omnibus

55 1003 185 1070 fortunis
202 1004 325 1070 relictis
342 1025 453 1069 serum
473 1005 572 1070 etiam
584 1004 796 1070 dilectissima
806 1005 941 1089 coniuge
958 1010 1057 1089 atque
1074 1005 1181 1070 charis

56 1111 159 1176 liberis
174 1111 372 1196 posthabitis
398 1115 513 1178 contra
538 1133 656 1178 novum
681 1111 837 1178 rebellem
853 1115 921 1178 sine
937 1113 1005 1180 ullo
1022 1111 1182 1198 stipendio

60 1220 219 1286 incastris
234 1227 361 1286 restrae
386 1219 573 1286 Maiestatis
596 1221 707 1286 servio.

158 1325 268 1411 Quare
284 1327 455 1393 Maiestati
471 1327 612 1396 Vestrae
628 1328 795 1394 humiliter
811 1329 976 1414 supplico:

154 1435 203 1501 lit
219 1457 303 1519 qnae
318 1435 405 1502 bona
429 1435 599 1501 rebellium
625 1435 705 1501 mihi
732 1437 1019 1502 excellentissimus
1035 1438 1183 1504 dominus

57 1542 209 1627 Georgius
224 1541 329 1608 Basta
353 1543 387 1608 in
413 1541 651 1629 Transylvania
676 1542 718 1609 ad
734 1542 984 1610 ratificationem
999 1543 1183 1612 Maiestatis

56 1652 187 1720 Vestrae
204 1654 353 1736 contulit,
369 1655 427 1719 illa
443 1653 524 1720 mibi
541 1655 715 1720 clementer
732 1653 922 1720 confirmare
939 1656 1100 1740 dignetur.

155 1761 238 1829 Cum
253 1784 329 1828 vero
345 1763 431 1828 inter
446 1762 527 1829 haec
543 1769 691 1848 tempora
701 1763 892 1829 turbulenta
908 1762 1093 1830 omniafere
1110 1785 1183 1830 mea

57 1875 119 1936 tum
134 1871 305 1954 amiserim,
328 1875 400 1936 tum
428 1872 526 1938 etiam
547 1871 581 1936 in
613 1871 751 1936 servitiis
767 1869 955 1938 Maiestatis
971 1871 1113 1942 Vestrae
1130 1895 1182 1938 ex-

56 1978 220 2064 penderim,
236 1984 275 2045 ut
283 1979 405 2048 Vestra
424 1977 584 2045 Maiestas
599 1979 774 2046 elementer
793 1979 962 2046 annuatim
978 1980 1111 2066 aliquod
1126 1981 1182 2047 ati·

58 2086 200 2169 pendium
215 2086 353 2170 ordinet‚
370 2085 488 2172 quibus
504 2087 546 2154 ad
557 2088 724 2154 servitium
735 2087 922 2155 Maiestatis
936 2087 1076 2158 Vestrae
1093 2090 1182 2156 utilis

59 2215 118 2261 esse
133 2217 256 2280 queam,
272 2195 428 2262 submisse
446 2195 587 2282 postulo.

155 2305 456 2372 Excellentissimus
472 2305 605 2390 quidem
630 2305 780 2374 dominus
794 2303 900 2372 Basta
915 2327 966 2372 me
982 2304 1184 2390 praesederat

59 2411 165 2480 Siculis
191 2413 461 2498 Transylvanicis,
489 2435 562 2480 oum
587 2414 705 2499 quibus
730 2419 800 2480 tum
825 2415 859 2479 in
875 2413 1037 2482 Valaehia
1062 2419 1131 2480 tum
1147 2415 1181 2480 in

1 2527 2 2536 ’
60 2520 220 2610 Hungsria
245 2521 308 2588 boo
332 2543 417 2588 anno
443 2521 487 2588 ad
502 2523 723 2590 occassionem
741 2521 851 2588 datam
867 2528 994 2588 vestrae
1010 2521 1180 2588 Maiestati

61 2631 169 2714 servivi,
185 2651 325 2716 quorum
352 2629 481 2714 quidem
498 2631 739 2716 capitaneatum
756 2631 940 2715 generalem
956 2635 1064 2696 vestra
1079 2629 1181 2696 Maie-

61 2743 119 2804 stss
131 2745 167 2805 nt
181 2739 263 2805 mibi
279 2737 434 2822 conserat
451 2739 586 2824 supplex
602 2743 687 2824 peto.

153 2847 324 2914 Habemus
349 2847 455 2913 adbuc
480 2848 614 2913 tertium
640 2846 775 2913 fratrem
795 2843 984 2930 Georgium,
1000 2847 1056 2932 qui
1073 2869 1182 2914 cume

61 2953 203 3023 fidelitate
228 2955 416 3021 Maiestatis
441 2960 568 3020 vestrae
593 2954 784 3037 discesserit
810 2953 1050 3040 Boczka'y'oque
1066 2955 1181 3022 rebelli

62 3065 240 3148 adhaeserit
265 3071 411 3148 tempore
436 3063 600 3130 divisionis
625 3063 783 3130 bonorum
814 3069 851 3129 ut
884 3083 905 3127 a
930 3065 1182 3150 participatione

1 3222 2 3250 2
65 3173 250 3254 excludetur,
267 3193 378 3238 eorum
394 3192 477 3256 quae
493 3171 543 3236 vel
559 3191 676 3256 parens
694 3177 805 3238 noster
820 3171 871 3236 vel
887 3193 946 3238 nos
963 3171 1027 3238 duo
1043 3171 1101 3238 lilii
1117 3194 1182 3238 ser-

1 3319 2 3406 ᾖ
61 3281 134 3346 viciis
148 3303 247 3366 penes
263 3278 454 3346 fidelitatem
463 3277 649 3346 Maiestatis
665 3279 804 3348 Vestrae
815 3280 1053 3365 acquisivimus,
1072 3279 1177 3347 Maie-

1 3417 2 3436 κ
62 3393 126 3454 steti
140 3389 280 3458 Vestrae
297 3387 523 3472 supplicamus.

1 3658 3 3698 l

153 3495 236 3563 Cum
251 3497 422 3562 castellum
446 3501 594 3562 nestrum
611 3493 768 3561 Radnotb
788 3493 902 3562 domus
918 3493 1107 3580 Bogutiana
1123 3497 1180 3562 lite

1 3609 3 3650 l
63 3606 290 3688 oppugnaverit,
315 3605 380 3670 iam
405 3625 481 3670 vero
506 3603 671 3672 Melobior
696 3605 848 3690 Bogathy
864 3606 961 3671 toties
978 3611 1093 3670 contra
1108 3605 1180 3670 Ma-

65 3709 197 3778 iestatenr
229 3733 313 3778 caes.
339 3733 430 3777 arma
455 3715 601 3798 sumpsit,
625 3714 694 3798 ipse
721 3719 753 3779 et
769 3713 907 3798 posthae
922 3714 992 3778 nati
1008 3711 1067 3778 filii
1082 3713 1180 3796 illius,

1 3823 2 3830 ’
64 3823 187 3886 utomne
202 3823 253 3886 ius
270 3819 463 3904 litigationis
480 3821 644 3906 emittant,
661 3821 749 3906 quod
764 3820 885 3889 habere
895 3827 1028 3907 possent
1043 3821 1076 3886 in
1091 3819 1180 3886 Rod-

1 3943 2 4016 3
63 3926 128 3992 neth
143 3927 300 3996 Maiestas
315 3925 436 3996 Vestra
452 3928 627 3994 clementer
643 3927 809 4012 concedat,
829 3951 895 3997 oro.

259 4033 447 4101 Maiestatis
462 4033 603 4104 Vestrae
620 4057 703 4102 caes.

719 4145 849 4211 humilis
868 4145 1017 4211 subditus

648 4251 827 4318 Balthasar
843 4251 968 4318 Kornis
984 4275 1023 4318 m.
1040 4275 1070 4336 p.

156 4387 293 4442 Kdleas'm:
323 4385 359 4445 A.
384 4385 578 4444 cancellariae
614 4386 795 4460 Hungarioac
829 4387 1009 4446 includenda.
1042 4387 1089 4444 ll.
1122 4387 1179 4443 Au·

67 4473 130 4540 gusti
143 4475 225 4534 ΠΟΥ.
