3042 5404
477 517 572 574 1602.
589 535 665 573 osca.
686 517 734 573 18.
1107 515 1170 576 173

55 687 187 753 maiestas
211 690 269 754 illa
294 691 449 772 potiatur.
475 687 573 770 Ignes
598 689 696 752 etiarn
722 687 915 754 domesticos
941 690 1053 772 procul
1070 691 1169 756 dubio

54 795 234 862 excitabunt.
244 796 395 862 Dedecus
406 803 491 862 esset
500 797 682 862 immortale
693 795 871 879 principem
888 803 946 862 aut
961 796 1082 880 fugisse
1100 805 1167 864 tur-

54 901 945 989 piter‚autperiisseinillaprovinciaDeinderixprimis
955 905 1048 970 annis
1059 906 1169 990 etipse

55 1032 116 1076 cum
130 1011 287 1096 dignitate
303 1014 418 1094 virere,
434 1011 599 1098 praesidia
614 1011 698 1078 tueri
715 1019 748 1077 et
757 1011 829 1077 aliis
839 1013 1084 1078 necessitatibus
1100 1035 1170 1080 suc-

56 1141 170 1184 currere
185 1121 220 1185 in
236 1121 402 1203 provincia
416 1125 485 1186 tam
509 1119 657 1185 desolata
672 1127 790 1204 posset.
807 1119 958 1187 Moverat
972 1120 1053 1188 haec
1068 1144 1121 1188 res
1137 1131 1169 1188 et

54 1225 170 1292 Polonis
185 1229 398 1312 stomachum,
415 1229 471 1314 qui
497 1228 557 1295 sub
581 1229 767 1313 interregno
792 1229 993 1315 principibus
1009 1230 1170 1296 Transsil·

55 1337 153 1402 reniae
168 1337 212 1402 ad
228 1359 380 1404 coronam
397 1338 521 1404 aditum
532 1337 661 1405 facilem
677 1345 804 1423 putant.

144 1462 271 1530 Deinde
287 1467 483 1549 vertiginosa
508 1473 558 1532 est
572 1466 667 1532 nimis
691 1467 750 1532 illa
765 1465 938 1550 provincia,
969 1465 1060 1532 Deus
1076 1469 1165 1533 norit

54 1567 146 1636 adbuc
161 1593 243 1656 quos
259 1573 406 1640 turbines
422 1595 460 1640 ex
478 1573 554 1640 altis
570 1573 699 1658 alpibus
719 1575 861 1640 excitare
878 1579 993 1658 potest.

146 1712 321 1782 Censerem
331 1717 442 1802 itaque
452 1737 511 1800 ego
522 1737 624 1802 usque
640 1715 683 1782 ad
693 1717 854 1802 quietiora
864 1721 1019 1802 tempora,
1036 1717 1168 1803 quando

4 1901 6 1904 Ι
54 1820 187 1906 princeps
202 1823 323 1907 aliquis
348 1825 380 1889 in
405 1825 604 1908 provinciam
628 1823 709 1890 bene
725 1828 885 1908 pacatam,
900 1826 1026 1890 noviter
1041 1832 1169 1890 restau-

53 1933 152 2012 ratam,
168 1932 312 1997 amicitia
327 1933 405 1997 item
420 1933 598 1998 vicinarum
615 1931 852 2016 provinciarum
869 1931 1030 1998 firmatam
1046 1935 1168 1999 intrare

4 2039 6 2048 “
53 2042 153 2116 posset
168 2037 323 2105 Palatino
339 2045 466 2106 tantum
482 2061 539 2106 seu
550 2039 761 2124 gubernatori
778 2039 874 2106 alicui
890 2040 1033 2107 habenas
1051 2041 1169 2107 Trans-

53 2143 191 2212 silraniaa
201 2147 457 2214 committendae
469 2147 602 2214 Homini
612 2147 758 2232 militari,
768 2148 940 2232 catholico,
951 2147 1055 2234 docto,
1071 2147 1168 2233 fideli,

53 2252 190 2332 pmdenti
216 2260 251 2320 et
275 2255 431 2339 modesto,
457 2257 513 2340 qui
538 2253 698 2321 ordinatis
723 2256 784 2322 sibi
810 2257 843 2321 in
868 2257 1004 2338 singulis
1019 2257 1112 2322 annis
1129 2277 1167 2320 ex

55 2363 222 2440 provinciae
237 2363 419 2430 redditibus
444 2363 580 2446 salariis,
605 2369 759 2448 certaque
775 2364 930 2448 pecuniae
947 2385 1072 2430 summa
1087 2365 1169 2430 limi·

54 2470 121 2551 tnta,
143 2471 220 2536 item
247 2471 308 2536 sibi
333 2471 602 2538 conferendorum
626 2470 786 2538 bonorum
820 2476 983 2556 potestate
1009 2493 1168 2556 concessa,

53 2585 203 2656 praeesset
227 2581 290 2645 toti
315 2581 508 2664 provinciae,
534 2585 572 2646 ut
587 2581 673 2646 olim.
694 2577 759 2664 Qui
775 2585 884 2646 tamen
900 2580 1018 2646 limites
1034 2581 1083 2646 sui
1100 2577 1167 2646 offi-

54 2682 87 2746 cii
100 2707 159 2750 non
174 2687 355 2754 excederet.
371 2687 521 2754 Haberet
537 2689 598 2754 iste
615 2693 720 2754 certos
735 2689 856 2754 milites
872 2693 939 2754 tam
955 2689 989 2754 in
1004 2689 1168 2774 provincia

53 2796 242 2878 necessarios,
267 2819 365 2881 quam
394 2797 427 2862 in
450 2796 621 2881 praesidiis
647 2795 850 2862 sufficientes.
875 2795 964 2880 Lege
982 2803 1015 2862 et
1039 2797 1168 2863 iusticia

53 2908 210 2986 praeesset,
235 2925 351 2970 causas
376 2925 487 2970 omnes
511 2904 720 2988 litigantium,
746 2925 829 2988 quae
854 2925 918 2969 uon
937 2909 1044 2969 essent
1059 2905 1168 2988 magni

53 3005 174 3074 alicuius
197 3011 363 3093 momenti,
388 3013 440 3077 via
464 3013 695 3096 appellationis
721 3011 763 3078 ad
789 3032 822 3077 se
848 3011 975 3078 delatas
1000 3011 1168 3078 resideret.

54 3111 128 3182 llam
152 3119 315 3200 graviores
340 3141 457 3186 causae
482 3121 515 3186 in
531 3119 705 3204 Hungaria
729 3139 819 3186 more
835 3119 968 3204 antiquo
985 3119 1028 3186 ad
1044 3121 1166 3204 regiam

54 3222 183 3292 tabulam
199 3227 424 3311 provocandae
443 3233 558 3295 essent.

146 3349 262 3436 Neque
287 3353 481 3420 cancellario
507 3351 604 3420 isthic
620 3355 759 3439 amplius
785 3375 864 3437 opus
880 3373 948 3418 esse
964 3373 1087 3436 censeo,
1103 3353 1168 3420 col·

53 3454 270 3526 lationesenim
289 3481 365 3527 suae
375 3462 555 3528 maiestatis
572 3471 605 3527 et
615 3464 776 3546 graviores
787 3461 1009 3546 expeditiones
1024 3463 1058 3527 in
1074 3461 1167 3527 Hun-

53 3566 148 3643 garica
172 3568 367 3634 cancellaria
391 3569 536 3654 expediri
561 3574 706 3655 possunt,
731 3575 769 3634 ut
793 3577 938 3653 tempore
963 3568 1027 3634 divi
1053 3568 1167 3634 Ferdi-

4 3729 5 3736 .
54 3673 136 3738 nandi
161 3683 194 3740 et
218 3675 509 3760 praedecessorum.
534 3679 652 3745 Posset
676 3678 729 3744 hic
754 3678 953 3762 gubernator
984 3675 1092 3742 Albae
1117 3677 1167 3742 vel

4 3783 5 3788 ’
54 3775 159 3847 Oibinii
174 3783 324 3850 residere.

144 3927 356 4016 Perceptores
372 3955 501 4019 quoque
518 3955 575 4000 seu
591 3954 721 4000 camera
736 3929 946 4014 instituenda,
963 3931 1018 4016 qui
1035 3951 1168 4016 proven·

55 4035 97 4098 tus
111 4039 212 4120 regios
237 4039 411 4125 diligenter
436 4049 470 4108 et
485 4043 717 4108 conscientiose
742 4042 933 4126 percipiant,
949 4061 1099 4124 supremo
1117 4063 1168 4105 ca·

54 4161 146 4208 merae
161 4149 343 4232 percepton'
359 4151 518 4216 rationem
527 4149 675 4234 reddant,
685 4149 821 4232 lucrum,
832 4153 1012 4234 quaestum,
1029 4152 1062 4212 et
1078 4168 1169 4213 oeco-

54 4253 178 4318 nomiam
203 4255 375 4340 diligenter
409 4263 589 4341 exerceant,
623 4258 802 4323 tricesimas
835 4257 1027 4338 instaurent,
1052 4259 1085 4320 et
1108 4277 1168 4338 pro

55 4361 220 4445 temporum
236 4369 325 4432 statu
350 4385 449 4432 novas
475 4366 657 4432 instituant.
681 4365 779 4450 Vino,
795 4365 863 4430 sale
880 4363 1098 4446 obtrumcata,
1114 4385 1168 4447 pe·

55 4468 167 4536 roribus
182 4472 216 4536 in
232 4471 446 4557 Hungariam,
462 4475 496 4538 in
505 4472 677 4540 Pelopiam
687 4477 721 4539 et
735 4479 846 4558 partes
862 4474 982 4538 vicinas
998 4477 1167 4556 quaestum

4 4611 5 4618 .
56 4573 222 4662 instituant,
238 4580 323 4664 quod
348 4582 605 4647 commodissime
621 4579 692 4646 fieri
709 4583 839 4666 poterit,
871 4581 896 4645 si
915 4580 1086 4662 diligentes
1102 4578 1168 4643 lue-

57 4683 119 4749 rint.
134 4685 248 4753 Posset
262 4711 390 4756 camera
406 4689 547 4756 residere
563 4695 621 4756 aut
647 4689 854 4776 Claudiopoli
871 4695 929 4756 aut
944 4689 1100 4756 Coronae.
