3062 5414
518 509 613 566 1602.
628 529 705 568 neca.
725 511 774 568 la.
1097 493 1101 504 ¹
1147 503 1208 567 161
1231 507 1235 519 “

9 757 11 788 Ι
81 683 174 749 scribi
185 681 351 767 facientes,
367 683 560 767 eosdemque
577 703 615 748 ac
631 683 739 749 omnia
755 690 789 748 et
804 683 933 766 singula
948 682 983 748 in
998 681 1119 748 eisdem
1135 703 1208 750 con·

9 795 11 864 i
83 797 172 858 tenta
193 799 293 876 ratos,
319 799 439 876 gratos,
455 797 489 858 et
504 795 641 875 accepta
655 789 823 874 habentes,
838 791 1081 875 acceptauimns
1096 812 1212 876 appro-

9 899 12 914 '
84 901 230 967 bauimus
254 899 489 967 ratificauimus
514 905 548 964 et
566 897 838 982 confirmanimns,
855 895 1027 964 offerentes
1043 919 1102 964 nos
1118 897 1218 965 bene·

83 1009 154 1074 nole
169 1008 256 1094 quod
271 1011 450 1094 praemissa
465 1008 582 1091 omnia,
597 1007 632 1072 in
649 1006 798 1074 omnibus
814 1007 944 1090 punctis
961 1005 1116 1071 clausulis
1131 1007 1210 1072 arti·

83 1117 168 1201 culis,
193 1125 260 1184 tam
285 1139 345 1184 nos
370 1119 433 1202 ipsi
458 1114 710 1199 obseruebimus,
736 1136 834 1198 quam
859 1135 918 1199 per
933 1114 1016 1180 alios
1032 1115 1212 1200 quospiam,

84 1225 200 1306 ubique
225 1245 284 1310 per
300 1223 604 1308 Transsylvanicam
620 1222 785 1304 ditionem,
801 1219 939 1286 firmiter
954 1219 1120 1288 observari
1135 1220 1216 1291 laci.

85 1354 190 1412 emns;
213 1333 278 1399 imo
294 1339 510 1417 acceptamus,
526 1329 754 1416 approbamus,
769 1327 978 1412 ratificamus,
994 1335 1028 1394 et
1043 1327 1211 1396 confirma·

9 1527 10 1530 Ἴ
83 1462 162 1524 mus,
185 1439 386 1506 authoritate
411 1462 431 1506 a
455 1460 551 1506 sacra
575 1459 728 1505 caesarea
751 1439 905 1522 regiaque
923 1435 1101 1503 Maiestate
1117 1437 1211 1504 nobis

9 1561 11 1640 ζ
81 1548 245 1632 attributa,
276 1549 392 1614 harum
424 1555 609 1613 nostrarum
634 1547 747 1630 uigore
772 1552 807 1612 et
830 1545 1017 1612 testimonio
1042 1545 1210 1612 literarum

9 1699 11 1754 J
81 1658 247 1723 mediante.
278 1655 404 1722 Datum
435 1657 468 1721 in
485 1655 617 1721 civitate
642 1651 734 1721 Alba
757 1653 852 1720 Julia
876 1652 929 1720 die
954 1651 1079 1720 decima
1095 1655 1209 1738 quinta

80 1767 193 1830 mensis
217 1763 410 1830 Decembris
434 1786 519 1832 anno
544 1764 678 1832 Domini
703 1763 876 1830 millesimo
901 1763 1132 1830 sexcentesimo
1160 1785 1208 1830 ae·

9 1883 11 1946 3
82 1872 192 1938 cundo.

292 1996 345 2084 (P.
361 1996 421 2084 H.)

182 2147 310 2220 (Ercdeti
320 2151 422 2206 hitelcs
438 2147 591 2223 pdlddnya,
609 2147 699 2206 Basta
714 2165 796 2206 seres
813 2151 928 2206 viaszba
944 2157 1076 2224 nyomott
1091 2149 1207 2208 monorci

9 2215 11 2302 l
84 2239 166 2296 alatri
174 2237 345 2312 pensetevel,
361 2262 393 2296 aa
409 2243 464 2296 σά.
480 2241 656 2296 Melceumban
671 2235 742 2309 (Jos.
762 2241 833 2296 Com.
851 2241 966 2312 Komeny
984 2241 1073 2297 Codes
1088 2242 1208 2298 Autbertt.

83 2333 161 2386 Arrio.
187 2333 277 2386 Diod.
307 2333 402 2386 Trans.
428 2332 467 2386 II.
492 2329 559 2400 ledi.)
587 2361 623 2373 -
652 2330 743 2384 Ebbol
769 2348 787 2385 a
812 2329 986 2404 peldrlnybdl
1012 2329 1105 2387 tettdk
1121 2328 1210 2388 kbaae

9 2415 11 2492 ξ
83 2422 144 2490 grbt'
165 2418 294 2493 Kemdny
319 2421 422 2478 Jozsef
434 2417 464 2475 ds
481 2419 596 2478 Kovdcs
613 2418 712 2476 lstvrln
729 2420 928 2492 Erdllporaqu
943 2429 1004 2478 sorr.
1020 2422 1083 2476 utro
1100 2421 1137 2476 II.
1154 2423 1206 2476 lectt.

9 2503 11 2574 l

88 2515 209 2566 ‘'r-ec.
226 2507 257 2580 ι.)

556 2733 732 2804 XXXVL

493 2883 588 2946 1602.
613 2879 727 2946 deca
746 2883 796 2946 18.

244 3033 269 3088 Α
286 3033 394 3089 eso-o
409 3031 519 3088 roma
535 3033 568 3087 n.
586 3033 732 3104 ammius
746 3033 890 3104 retonat
905 3034 1028 3104 mecm.

182 3165 271 3234 Sacr.
288 3189 370 3234 caes.
386 3188 425 3233 ac
450 3169 541 3250 regia
565 3167 718 3234 maiestas
734 3167 883 3234 dominus
899 3173 1010 3234 noster
1025 3167 1208 3232 clementis·

9 3359 11 3366 y
85 3273 175 3340 simus
199 3277 232 3342 in
251 3277 440 3342 memoriam
456 3275 518 3341 sibi
534 3295 691 3341 reuocans
708 3275 787 3358 quid
803 3273 934 3342 domino
949 3275 1090 3360 principi
1106 3273 1206 3358 Sigis-

9 3373 11 3408 r
84 3381 193 3448 mundo
216 3383 358 3450 Bathori
383 3384 423 3450 de
448 3381 571 3451 Somlio
596 3383 686 3450 aurei
711 3383 839 3450 velleris
865 3385 966 3468 equiti
984 3383 1124 3450 antebac
1138 3389 1205 3450 tam

84 3490 182 3568 quoad
212 3491 399 3576 pensionem
424 3512 573 3572 annuam,
600 3511 699 3574 quem
724 3489 832 3574 quoad
858 3489 1055 3558 domicilium
1082 3496 1205 3558 certum

85 3598 266 3682 promiserit,
281 3598 422 3684 benigne
446 3597 639 3684 respondet:
665 3598 854 3682 pensionem
872 3619 906 3664 ee
937 3620 972 3664 se
995 3599 1126 3666 omnino
1142 3599 1206 3666 sol·

85 3722 153 3769 nere
176 3712 323 3790 paratam
339 3727 417 3790 esse,
433 3707 600 3774 tarditatis
617 3726 688 3772 eam
704 3726 835 3772 cansam
852 3705 959 3788 luisse,
975 3707 1063 3790 quod
1088 3729 1152 3774 nno
1172 3709 1205 3774 in

84 3805 148 3876 loco
172 3821 203 3879 et
226 3836 291 3880 uno
317 3819 463 3898 temporo
489 3814 573 3880 solui
589 3813 784 3898 nequiuerit.
799 3811 848 3882 Vt
862 3834 938 3880 vero
954 3813 1103 3882 dominus
1118 3817 1206 3902 prin·

9 3919 11 3968 ἶ
85 3935 152 4000 cepa
174 3919 256 3986 hanc
280 3943 404 3986 moram
419 3922 598 4005 patientius
613 3921 707 4005 ierat,
723 3919 827 3988 donec
841 3943 1015 4006 regnorum
1031 3924 1206 3990 ditionum·

85 4043 139 4102 qne
162 4027 450 4095 haereditariarum
474 4033 658 4112 conventus,
684 4028 739 4094 ubi
766 4035 857 4096 certa
872 4029 1020 4096 soluendi
1037 4032 1122 4098 ratio
1138 4033 1205 4097 ine·

9 4141 11 4166 *
86 4131 162 4198 unm
184 4137 233 4221 sit,
252 4135 358 4202 habiti
374 4135 504 4221 fuerint,
520 4143 672 4220 quartam
697 4137 874 4221 promissae
890 4139 1053 4223 pensionis
1077 4145 1204 4224 partem

9 4335 11 4344 Ι
87 4240 218 4318 quolibet
234 4243 394 4310 trimestri
410 4243 525 4310 soluat

181 4349 225 4420 at
249 4375 324 4419 cnm
347 4375 426 4419 sacr.
451 4353 604 4420 maiestas
628 4374 689 4420 sua
712 4374 872 4438 nusquam
897 4356 1088 4439 oportunius
1104 4355 1204 4422 domi-

9 4463 11 4516 t
88 4451 185 4522 cilium
197 4481 256 4543 pro
272 4461 404 4527 domino
427 4461 574 4546 principe
590 4483 687 4545 qnam
702 4463 736 4528 in
751 4462 814 4528 hoc
828 4461 1008 4529 Bohemiae
1033 4484 1133 4550 regno
1158 4465 1205 4531 in·

87 4565 190 4648 venat
213 4569 252 4634 de
277 4591 430 4654 quocum
447 4571 538 4654 regni
564 4570 730 4636 ordinibus
756 4569 916 4654 agendum
933 4572 984 4656 eit,
1000 4572 1062 4656 ipsi
1078 4573 1204 4639 interea

88 4666 247 4742 dominium
276 4676 546 4744 Liboohowitiunr
578 4699 650 4744 cum
681 4677 830 4745 omnibns
861 4679 1145 4748 commoditatibus
1170 4687 1203 4746 et

136 4814 224 4870 neceni
235 4817 409 4871 ommuni
424 4819 543 4862 amietos.
561 4820 586 4862 v.
1045 4811 1073 4858 ¹¹
