3218 5424
496 549 589 614 leot.
607 557 665 614 adr.
686 553 735 614 25.

544 853 696 928 LXVII.

476 1005 571 1068 1607.
597 1001 684 1085 jdn.
719 1004 771 1067 24.

54 1153 177 1225 Rdecey
194 1156 314 1224 jeliruta
338 1155 451 1224 Mutyce
468 1155 603 1226 fdquller:
627 1156 709 1210 merui
721 1155 813 1226 muth
828 1175 845 1210 a
855 1155 989 1224 jererritcilc
1014 1156 1081 1210 ellcu
1095 1155 1182 1210 dczott

514 1247 622 1316 idmduy
636 1247 721 1300 misit.

157 1378 368 1447 Serenissime
377 1383 537 1466 princeps,
548 1381 676 1448 domiue
686 1380 815 1449 domine
830 1380 911 1448 mibi
927 1381 1184 1466 clementissime,

51 1489 327 1556 servitiorumetc.

157 1596 279 1662 Literis
304 1597 489 1665 serenitatis
514 1605 641 1664 restrae
666 1597 803 1665 demisse
827 1601 978 1686 acceptis,
1010 1601 1185 1667 secundum

53 1705 226 1789 benignum
242 1705 386 1772 eiusdem
400 1707 592 1774 mandatum
611 1707 651 1774 de
667 1709 878 1774 restituendis
892 1709 1043 1794 patribus
1054 1709 1182 1794 jesuiti-

52 1815 95 1878 cis
110 1813 199 1898 apud
214 1815 394 1898 regnicolas
409 1817 488 1882 satis
504 1838 664 1902 superque
681 1817 834 1884 laboravi.
850 1818 984 1902 Verum,
1000 1823 1099 1903 prout
1116 1815 1185 1883 stas

53 1921 115 1990 Vra
131 1943 171 1987 ex
186 1923 291 1988 literis
307 1923 545 2008 regnicolarum
555 1925 684 1992 abunde
699 1927 883 2010 intelligere
900 1925 1095 2010 dignabitur,
1106 1930 1185 1989 tem·

54 2051 129 2113 pore
155 2030 276 2098 domini
302 2029 500 2117 Sigismundi
516 2031 674 2100 Bathorei
689 2035 846 2119 principis
862 2035 896 2100 iu
911 2033 1119 2118 generalibus
1135 2053 1186 2096 co-

55 2138 152 2204 mitiis
167 2139 307 2206 articulo
323 2140 496 2225 superinde
512 2141 599 2208 edito
610 2141 649 2208 iis
664 2142 840 2207 interdicta
856 2147 906 2207 est
922 2139 1185 2226 Transsylvania.

57 2243 114 2311 Oui
139 2247 271 2332 quidem
296 2249 434 2316 articulo
451 2249 632 2333 regnicolas
648 2250 766 2318 maiori
782 2271 821 2316 ex
837 2255 931 2334 parte
948 2251 1124 2314 etiamnum
1139 2248 1186 2312 in·

56 2353 196 2422 haerent.
222 2353 370 2423 (laeteris
400 2357 610 2424 nihilominus
633 2359 853 2444 cuiuscunque
878 2359 1000 2426 ordinis
1016 2357 1185 2424 catholicis

57 2469 86 2527 et
109 2463 275 2530 monachis
300 2465 405 2532 libera
422 2465 476 2532 hic
492 2467 688 2533 consistendi
714 2467 855 2534 facultas
882 2468 997 2533 relicta
1014 2472 1071 2532 est.
1088 2463 1185 2550 Quod

57 2566 100 2634 su
124 2570 205 2640 Vrae
214 2571 394 2638 humillime
404 2572 652 2658 significandum
662 2575 748 2660 duxi,
759 2597 831 2642 earn
841 2597 938 2642 orans
949 2596 988 2640 ne
1003 2575 1065 2640 hoc
1080 2575 1185 2657 ipsum

59 2687 187 2759 gravate
212 2679 306 2746 ierat.
331 2680 374 2746 In
398 2683 524 2766 reliquo
550 2681 597 2750 Su
635 2683 715 2752 Viae
740 2683 922 2750 humillima
940 2703 1013 2748 mea
1028 2681 1184 2764 obsequia

58 2784 172 2870 desero,
196 2807 235 2852 ac
251 2809 321 2856 earn
338 2811 436 2874 quam
452 2789 636 2858 felicissime
653 2792 759 2858 valere
776 2791 932 2858 desidero.
948 2789 1074 2856 Datum
1090 2790 1123 2854 in
1144 2787 1186 2852 ci-

59 2894 153 2960 vitate
169 2895 337 2964 Kolosuar
352 2898 387 2964 di
403 2901 454 2965 24.
471 2899 497 2966 J
499 2900 578 2986 uuij,
594 2921 679 2967 auno
697 2899 820 2968 domini
838 2904 933 2965 1607.

160 3001 353 3073 Serenitatis
373 3003 511 3096 vestroe}

448 3115 580 3182 humilis
596 3121 628 3180 et
647 3113 957 3199 obsequentissimus
973 3114 1110 3180 servitor

540 3221 765 3308 sigismundus
780 3221 935 3307 Rakoczy
951 3243 992 3287 m.
1007 3243 1038 3306 p.

164 3369 312 3446 (dulcer‘me
336 3373 490 3442 elrotbodt,
515 3375 582 3449 igen
608 3374 722 3450 rougdlt
750 3373 879 3449 dllupotd
904 3374 1039 3446 credetije
1064 3391 1082 3429 a
1107 3371 1185 3430 bricci

62 3460 129 3517 kern.
145 3463 178 3521 lt.
194 3464 269 3522 Sieb.
287 3461 370 3535 Urlr.)

530 3655 703 3729 LXVIII.

486 3807 583 3870 reor.
599 3804 688 3889 jun.
714 3807 765 3869 no.

1 3971 2 4038 j
65 3951 184 4026 Πανόπη
211 3955 407 4027 Forgdceuok:
434 3975 452 4010 u
464 3957 574 4026 jriuiusi
597 3957 782 4028 orrzdppplile'a
806 3957 875 4011 ultae
898 3957 983 4010 toron
999 3953 1186 4022 surrepere-tl.

167 4090 365 4177 Spectabilis
379 4090 550 4176 magnifice
567 4089 696 4157 domine
713 4097 773 4158 etc.

163 4198 216 4266 Er
246 4199 410 4286 prioribus
436 4199 539 4266 literis
565 4205 687 4266 statum
711 4221 819 4266 rerum
846 4199 1184 4284 Transylruuicarum,

65 4309 199 4396 dataque
216 4311 259 4376 ad
284 4312 476 4396 praecipuas
500 4309 674 4394 legationis
699 4331 789 4376 meae
815 4316 925 4394 portes
942 4331 1105 4392 responsa,
1120 4331 1187 4374 ma-

1 4495 2 4500 *
65 4419 276 4500 gnificentium
292 4427 433 4486 vestram
459 4420 647 4504 cognovisse
672 4421 747 4486 scio.
763 4419 904 4486 Diaetae
920 4419 1100 4503 praesentis
1116 4437 1188 4482 cres

1 4537 2 4614 j
67 4523 131 4592 finis
147 4529 218 4611 erit,
234 4534 268 4594 et
284 4549 344 4612 ego
370 4528 514 4594 crastina
539 4527 590 4593 die
617 4526 745 4592 ferente
762 4527 822 4593 deo
838 4527 949 4593 itineri
974 4547 1026 4591 me
1043 4527 1189 4591 commit·

66 4639 134 4701 tam.
151 4635 266 4704 Totius
283 4637 390 4703 dietae
401 4657 566 4722 processus
582 4637 616 4700 iu
632 4635 758 4702 duobus
768 4637 941 4720 praecipue
957 4641 1105 4700 versatus
1121 4641 1188 4698 est:

1 4791 3 4810 ‚
67 4763 157 4811 unum
182 4745 243 4810 fuit
270 4767 368 4831 super
392 4745 585 4810 liberatione
610 4744 689 4808 iuris
716 4743 819 4826 ligati,
844 4765 908 4826 quo
934 4742 1121 4823 cavebatur,
1147 4763 1188 4804 ne
