3100 5420
472 511 563 566 1607.
581 530 658 566 rona.
680 511 795 568 18—9.
1129 502 1194 564 459

72 683 139 748 dum
155 684 311 770 Rakmzy
336 685 376 750 cle
400 683 669 754 Feblsed-Vadaz
686 691 746 750 etc.
772 705 869 768 quem
894 683 1004 748 divina
1019 685 1193 748 assistente

73 791 156 858 nobis
174 794 391 858 clementiaet
407 793 551 858 eiusdem
566 793 740 877 implorato
767 793 901 876 spiritus
927 793 1031 858 sancti
1063 793 1195 876 anxilio,

71 901 150 966 hisce
167 901 281 968 diebus
297 902 495 986 posthabitis
511 902 586 966 aliis
610 900 833 966 immoderatis
849 901 941 985 regni
956 901 1051 966 huius
1068 922 1195 984 compe·

71 1009 224 1094 litoribus,
249 1011 472 1076 communibus
497 1012 580 1076 rotis
606 1015 638 1074 et
672 1009 844 1094 suffragiis,
869 1031 995 1075 summa
1019 1009 1195 1092 voluntate,

72 1119 214 1184 concordi
231 1141 364 1185 assensu
379 1125 413 1186 et
429 1141 587 1186 consensu
603 1120 759 1203 elegimus
778 1125 811 1184 et
827 1117 1012 1184 absolutum
1029 1117 1195 1184 dominum

70 1226 158 1292 huius
174 1229 302 1310 patriae
327 1233 457 1294 nostrae
483 1229 710 1295 constituimus
734 1235 868 1314 propter
893 1249 1034 1292 summas
1051 1227 1118 1291 eius
1134 1227 1196 1291 rir-

72 1343 150 1403 tntes
167 1359 205 1403 ac
220 1339 255 1402 iu
278 1337 538 1420 augustissimam
564 1337 695 1402 domum
710 1336 923 1402 Austriacam
939 1341 1141 1400 constantem
1157 1357 1196 1400 ac

72 1445 214 1511 devotam
229 1445 336 1530 fidem,
353 1467 456 1529 aeque
472 1469 511 1512 ac
527 1445 560 1512 S.
577 1443 613 1511 O.
628 1443 720 1510 Mtas
736 1443 888 1510 habuisse
904 1443 1038 1508 charum
1057 1449 1091 1508 et
1106 1465 1196 1509 acce·

72 1559 165 1636 ptum,
190 1553 360 1638 eidemque
385 1576 512 1638 semper
537 1555 730 1620 clementem
755 1575 846 1618 suam
871 1553 1013 1637 gratiam
1036 1552 1196 1636 impertiri

15 1683 17 1698 ·
72 1662 114 1725 illi
130 1663 277 1745 voluisse,
296 1661 495 1748 proindeque
521 1663 589 1728 eius
605 1662 769 1728 fortunam
789 1667 972 1746 promotam
988 1659 1196 1726 desiderasse.

15 1763 17 1768 ’
72 1767 174 1851 Quare
199 1787 296 1834 seruae
312 1771 462 1854 princeps
487 1770 687 1836 nuncetiam
711 1791 836 1836 summa
851 1767 970 1835 fiducia
984 1767 1088 1838 Vram
1105 1769 1196 1834 seem

72 1879 230 1946 humiliter
260 1879 489 1962 requirendam
515 1879 674 1964 duximus,
699 1885 736 1946 ut
752 1880 842 1945 cuius
866 1880 1019 1944 virtutem
1044 1879 1195 1963 privatim

73 1987 258 2071 magnisecit,
269 1988 338 2052 eius
351 2009 479 2070 quoque
498 2009 703 2070 progressum
720 1987 1020 2072 promotionemque
1037 2009 1101 2054 uon
1121 1987 1195 2052 ode·

72 2095 118 2160 rit
148 2093 235 2178 Quin
265 2095 375 2179 potius
402 2095 538 2160 eundem
555 2095 653 2162 solita
683 2117 742 2160 sua
766 2095 874 2179 gratia
898 2117 963 2161 non
980 2097 1084 2162 solum
1108 2096 1197 2180 apud

73 2225 155 2268 suem
179 2219 326 2269 sacrmam
350 2201 446 2268 Mrem
472 2225 554 2270 caes.
586 2204 798 2286 commendet,
830 2203 886 2269 sed
912 2225 971 2270 nos
996 2205 1094 2270 etiam
1119 2226 1196 2269 suae

13 2385 14 2390 γ
73 2331 188 2394 semper
220 2313 348 2396 gratiae
383 2335 482 2396 quam
507 2311 839 2380 commendatissimas
870 2333 939 2377 esse
970 2313 1056 2378 velit.
1089 2309 1195 2394 Quam

72 2418 126 2484 Stis
140 2419 227 2486 Vrac
245 2421 451 2486 clementiam
478 2425 510 2486 et
535 2421 710 2504 benignam
736 2419 877 2486 favorem
893 2421 1058 2505 perpetuis
1074 2420 1195 2484 nostris

13 2585 15 2590 .
73 2528 226 2612 obsequiis
242 2531 420 2614 promereri
438 2529 551 2596 sedulo
562 2528 772 2596 studebimus.
782 2527 993 2612 Eandemque
1010 2528 1091 2594 stem
1101 2525 1195 2593 Vram

13 2625 15 2628 ⁵
74 2636 189 2702 divinae
204 2637 399 2720 protectioni
410 2637 614 2704 commissam
631 2637 785 2722 cupimus.
801 2636 926 2702 Datum
942 2637 975 2700 in
992 2637 1124 2702 civitate
1134 2635 1195 2703 Oo-

12 2775 14 2782 ι
73 2745 253 2827 lustrandis
272 2751 322 2810 ls.
339 2748 457 2812 mensis
473 2747 654 2830 Februarii,
671 2767 757 2812 anno
773 2745 896 2812 domini
916 2749 1009 2812 1607.

171 2854 364 2922 Serenitatis
380 2854 519 2922 Vestrae

707 2961 880 3028 humillimi
900 2964 1034 3030 clientes

552 3072 692 3136 universi
709 3071 893 3155 regnicolas
911 3073 1009 3138 trium
1026 3073 1193 3138 nationum

676 3181 767 3264 regni
784 3179 1062 3266 Transsylraniae.

171 3335 309 3389 little-rim:
326 3333 409 3388 Paria
425 3333 570 3388 literarum
588 3333 794 3405 regnicolarum
821 3333 904 3388 trium
925 3333 1070 3390 nationum
1088 3335 1192 3388 Trans-

75 3421 209 3490 sylveniac
224 3425 261 3478 ad
278 3443 357 3480 sursum
374 3425 449 3480 Stcm
466 3425 596 3479 daturum
613 3425 647 3476 dc
668 3425 716 3480 18.
734 3423 817 3480 Febr.
837 3440 911 3478 anno
928 3424 1033 3478 domini
1055 3424 1146 3478 1607.

169 3546 316 3623 (Egylrorri
333 3549 396 3618 irat,
413 3550 487 3622 mcly
505 3565 627 3620 mcgvau
644 3567 660 3604 a
678 3547 753 3604 bdesi
770 3567 808 3606 cs.
827 3549 891 3606 titk.
908 3549 939 3605 lt.
957 3545 1065 3621 llung.)

606 3777 640 3862 o

168 3937 395 4006 Sacratissima
411 3945 471 4002 etc.
488 3935 645 4003 Maiestas
665 3943 724 4023 etc,
741 3940 983 4006 subiectionem.

12 4119 13 4128 χ
168 4047 248 4114 Cum
265 4047 453 4133 praeteritis
478 4045 591 4112 diebus
616 4049 762 4134 principe
786 4055 897 4118 nostro
921 4049 1126 4134 gratissimae
1142 4071 1191 4114 re·

12 4141 13 4182 ³
76 4152 257 4220 cordationis
273 4179 313 4220 ex
328 4155 391 4220 hac
408 4155 475 4220 vita
499 4153 637 4240 sublate,
654 4157 693 4221 de
713 4156 862 4242 eligendo
879 4156 989 4222 futuro
1006 4178 1191 4223 successore

75 4258 267 4329 incommuni
284 4264 536 4347 congregatione
553 4269 850 4348 nostraageremus,
867 4265 1074 4331 invictissime
1091 4267 1190 4350 impe-

12 4389 13 4392 *
74 4373 160 4452 rator,
175 4371 237 4437 duo
253 4371 455 4455 principatus
465 4371 561 4438 buius
570 4373 736 4456 praecipui
757 4375 935 4440 extiterunt
952 4375 1191 4458 competitores,

76 4477 123 4557 qui
138 4483 244 4544 contra
267 4478 434 4564 publicum
459 4481 587 4564 patriae
614 4480 709 4546 huius
737 4486 858 4546 statum
874 4504 933 4566 per
954 4488 1043 4547 certa
1059 4481 1191 4550 foedera

12 4617 13 4652 ;
76 4588 104 4645 et
118 4588 355 4654 constitutiones
371 4611 391 4654 a
407 4611 487 4654 sacr.
503 4587 569 4654 Mle
581 4588 646 4658 Vra
665 4611 816 4656 caesarea
832 4597 864 4656 et
874 4591 964 4675 regia
973 4613 1059 4657 nunc
1074 4591 1190 4657 ultimo

76 4689 160 4758 etiam
191 4697 336 4784 plenarie
370 4697 595 4768 confirmatum
630 4720 698 4764 sese
731 4700 855 4788 erigere
880 4705 913 4768 et
944 4699 1100 4766 extollere
1124 4721 1190 4768 uon
