3062 5414
706 484 825 534 ssorum
841 479 1093 536 eumeneticam.
1146 551 1152 558 ῃ

824 771 986 840 XXXII.

770 923 865 986 1602.
889 942 972 986 nov
1004 925 1033 984 2.

334 1075 451 1149 ames,
466 1063 629 1132 sauna}
652 1075 789 1144 stajano,
805 1075 871 1145 aa
895 1073 980 1126 ratas
995 1091 1042 1142 aa
1061 1071 1172 1128 rama
1188 1071 1295 1142 uanus
1311 1073 1473 1144 moueat.

402 1197 407 1206 ⁵
440 1209 637 1297 Rudolphus
653 1217 713 1277 etc.

439 1319 625 1403 Magnifice.
641 1319 694 1384 Ex
718 1317 837 1384 litteris
863 1319 926 1384 tuis
950 1318 1114 1402 proximis,
1142 1321 1191 1383 16.
1208 1315 1367 1384 Octobris
1385 1317 1468 1382 datis

332 1429 758 1514 vigilantiam,prudeutiam
767 1435 857 1493 tuam
867 1429 1042 1492 militarem
1052 1427 1469 1512 quaminexpcditionibus

332 1538 404 1602 istis
420 1536 584 1620 adhibere,
600 1558 730 1620 quaque
746 1535 898 1620 periculis
914 1535 1043 1602 obviam
1058 1537 1106 1599 ire
1123 1535 1383 1619 prouinciaeque
1399 1533 1467 1597 fini-

334 1633 397 1711 bus
411 1646 596 1729 prospicere
621 1635 824 1728 consuevisti,
844 1643 983 1708 libenter
1005 1644 1237 1727 perspeximus
1254 1641 1402 1708 Gratum
1417 1661 1468 1704 uo

304 1777 312 1784 ·
332 1755 384 1820 bis
400 1754 548 1838 inprimis
558 1753 621 1819 fuit
632 1755 680 1819 ita
695 1753 854 1820 foeliciter
870 1753 999 1837 fugatos
1008 1753 1108 1818 fuisse
1118 1751 1277 1818 Tartarea
1292 1759 1328 1818 et
1344 1771 1465 1817 succes·

335 1863 424 1927 sibus
441 1863 584 1927 caruisse
608 1862 792 1945 peruiciosa
816 1860 941 1946 Moysis
965 1856 1107 1945 Zeokely
1122 1861 1267 1944 consilia,
1286 1879 1463 1943 quaeque

331 1971 428 2035 modo
444 1970 596 2054 deinceps
621 1970 804 2054 superanda
828 1975 928 2053 amus
944 1969 1118 2034 avertenda
1134 1970 1208 2050 sint,
1223 1969 1360 2034 minime
1376 1967 1464 2033 dubi·

332 2085 448 2160 tamus,
464 2079 542 2160 quin
558 2077 685 2142 solicite
698 2079 743 2142 sis
759 2083 939 2144 curaturus.

431 2181 701 2269 Quandoquidem
711 2184 973 2251 veroTurcarum
983 2186 1145 2250 exercitus
1155 2186 1211 2268 qui
1222 2186 1255 2249 in
1266 2184 1462 2268 superiorem

331 2295 538 2379 Huugariam
554 2298 589 2358 et
605 2294 648 2358 ad
663 2291 1024 2379 Transsylvaniaefiues
1034 2314 1103 2357 sese
1114 2293 1336 2376 convertebat,
1353 2291 1460 2358 audita

332 2402 500 2468 obsidione
516 2402 662 2468 Budeusi
678 2403 721 2470 ad
736 2403 906 2470 Pestiuum
921 2401 1029 2486 redijt,
1039 2402 1126 2485 quod
1141 2401 1237 2467 modo
1252 2403 1385 2485 premit,
1400 2419 1460 2464 ms·

331 2519 474 2593 gnopere
501 2499 651 2594 optemus
674 2516 717 2595 te,
733 2511 760 2576 si
777 2512 900 2594 absque
924 2510 1081 2594 singulari
1105 2509 1294 2594 prouinciae
1319 2506 1459 2593 periculo

330 2617 444 2700 possit,
461 2638 534 2682 cum
550 2618 662 2701 aliqua
686 2618 846 2684 lectorum
870 2617 1009 2682 militum
1034 2639 1133 2682 mauu
1148 2617 1269 2682 nostris
1285 2618 1344 2700 qui
1361 2613 1457 2680 Pestii

330 2731 364 2789 et
379 2725 413 2788 iu
429 2725 545 2789 castris
571 2725 778 2791 Budeusibus
801 2726 962 2808 laborant,
987 2727 1108 2790 auxilio
1133 2725 1243 2790 venire
1267 2731 1327 2789 aut
1346 2724 1457 2790 saltem

329 2833 440 2915 copias
456 2832 584 2915 aliquas
599 2834 739 2916 mittere,
755 2855 840 2918 quae
855 2834 906 2898 vel
926 2833 1103 2899 exercitum
1129 2839 1274 2898 nostrum
1298 2828 1456 2897 inferioris

330 2939 524 3024 Hungariae
540 2947 683 3024 augeant
708 2948 742 3006 et
766 2940 978 3023 conforment,
1003 2941 1053 3006 vel
1069 2941 1096 3006 si
1115 2940 1221 3004 hostis
1237 2939 1322 3005 sorte
1339 2939 1456 3005 absces-

332 3047 421 3128 serit,
437 3047 531 3113 illum
547 3049 581 3113 in
596 3049 714 3114 itinere
730 3049 893 3114 infestent
917 3045 1006 3132 Quid
1021 3047 1092 3114 fieri
1107 3049 1219 3132 possit,
1235 3047 1383 3132 cupimus
1397 3064 1457 3110 ma·

331 3161 405 3218 ture
415 3151 607 3240 consideres,
627 3161 660 3220 et
669 3157 876 3221 serenissimo
886 3155 982 3221 fratri
992 3161 1104 3222 nostro
1114 3155 1281 3221 archiduci
1297 3153 1456 3222 Matthiae

328 3263 499 3345 significes.
525 3264 796 3350 Quandoquidem
820 3288 896 3334 vero
913 3268 1012 3332 etiam
1028 3267 1068 3332 de
1078 3289 1153 3332 arce
1168 3269 1202 3332 in
1226 3265 1374 3333 metullio
1389 3280 1455 3345 pro-

329 3371 454 3436 vinciae
470 3373 512 3438 ad
527 3376 684 3442 maiorem
699 3374 908 3440 securitatem
918 3375 1097 3442 extruenda
1112 3376 1210 3442 semel
1227 3383 1326 3459 atque
1342 3377 1453 3440 iterum

328 3479 409 3562 quid
424 3483 546 3546 sentias
571 3483 715 3566 innuisti,
750 3484 920 3549 consilium
953 3483 1047 3549 nobis
1073 3491 1163 3550 tuum
1189 3485 1320 3550 omniuo
1345 3481 1453 3567 placet

330 3588 421 3652 cuius
437 3579 659 3657 executionem
685 3591 747 3657 tibi
772 3589 843 3674 soli,
858 3591 886 3656 si
912 3593 1124 3657 commissarii
1149 3593 1251 3657 nostri
1268 3591 1390 3657 diutius
1404 3582 1453 3650 ad·

327 3701 459 3760 ventum
475 3710 569 3764 su'um
585 3697 780 3782 distulerint,
797 3698 1028 3765 concredimus.
1053 3699 1101 3764 Ut
1120 3701 1204 3764 enim
1220 3700 1269 3764 illi
1286 3691 1452 3765 commuui-

327 3807 401 3865 cato
426 3809 534 3868 tecum
559 3805 695 3870 consilio
720 3805 755 3869 id
780 3829 876 3872 curae
902 3807 1104 3890 habereuta
1128 3807 1222 3872 uobis
1247 3809 1280 3874 in
1296 3799 1451 3873 mandatis

327 3906 501 3974 habebant.
517 3909 565 3974 Ut
580 3917 711 3976 caetera
726 3913 843 3998 omnia,
860 3915 906 3979 sic
916 3921 949 3980 et
964 3915 1052 3980 istud
1061 3916 1207 3998 inprimis
1223 3913 1362 3980 fideliter
1372 3929 1449 3984 cura,

331 4013 458 4096 tibique
493 4018 633 4098 gratiam
666 4024 812 4086 nostram
837 4022 898 4088 stb.
931 4024 1095 4107 promitte.
1128 4023 1253 4089 Datum
1277 4023 1403 4107 Pragac
1417 4019 1450 4089 2·

328 4118 524 4204 Novembris
540 4125 618 4189 anni
635 4129 731 4193 1602.

437 4273 478 4328 Aa
492 4276 547 4330 irat
560 4277 723 4336 aaran:
746 4280 870 4354 Georgio
889 4281 980 4340 Basta
994 4299 1168 4356 responsum.

537 4417 784 4496 (Fogalmanvdny
800 4441 818 4478 a
833 4421 910 4480 bdosi
925 4443 964 4482 os.
980 4423 1077 4482 dllami
1092 4427 1124 4485 lt.
1141 4424 1249 4500 Huug.)
