3030 5416
352 513 417 572 252
718 521 836 568 usuum
852 519 1106 566 amecurtem

349 689 398 752 vel
414 687 541 752 futures
556 687 644 768 exigi
659 691 717 750 aut
734 684 904 750 confiscari
929 684 1104 769 debebunt,
1121 685 1165 750 ad
1181 685 1362 751 utilitatem
1374 705 1472 750 came

348 819 405 862 rae
420 801 553 860 nostrae
577 793 798 860 administrari
814 793 949 876 faciant,
972 815 1079 878 neque
1098 795 1139 858 de
1154 793 1206 858 his
1221 796 1397 878 quicquam
1412 793 1474 858 abs·

350 927 413 989 que
429 925 586 970 consensu
602 909 714 968 nostro
730 903 780 966 vel
806 901 1034 985 gubernatoris
1053 909 1087 968 et
1103 902 1230 968 consilii
1245 901 1380 967 maioris
1394 921 1474 986 prae

350 1015 434 1078 scitu
450 1013 634 1096 disponant,
650 1019 707 1077 aut
732 1033 791 1095 per
806 1017 1023 1095 proventuum
1039 1017 1225 1076 nostrorum
1242 1010 1474 1076 administrato·
1508 997 1509 1036 ³

348 1143 401 1186 ree
431 1143 488 1186 sen
519 1117 683 1202 officiales,
714 1119 847 1203 dempta
877 1127 988 1184 tamen
1018 1125 1114 1203 parte
1138 1121 1185 1184 eis
1204 1117 1326 1202 debita,
1356 1118 1472 1203 disponi

350 1231 468 1294 sinant.

456 1335 668 1417 Donatioues,
693 1335 982 1418 impignorationes
1001 1341 1036 1399 et
1050 1335 1313 1419 permutationes
1328 1333 1475 1399 bonomm

348 1445 536 1528 praeteritis
551 1445 645 1509 annis
666 1443 773 1508 factas
797 1442 942 1508 diversas
957 1465 1026 1508 esse
1041 1444 1112 1526 ipse
1137 1443 1283 1508 director
1308 1450 1342 1508 et
1358 1441 1473 1508 consili·

349 1551 410 1616 arii
425 1553 529 1616 nostri
544 1551 633 1616 baud
648 1550 856 1634 ignorabunt.

455 1659 496 1724 In
521 1659 620 1725 hocce
644 1661 747 1743 igitur
769 1665 892 1744 puncto
918 1660 969 1724 illi
993 1679 1063 1724 sese
1088 1659 1303 1725 accomodare
1328 1659 1472 1736 volumus,

349 1768 436 1852 quod
451 1767 660 1852 gubernatori
676 1773 787 1833 nostro
803 1775 837 1832 et
853 1768 987 1834 consilio
1003 1768 1119 1832 maiori
1135 1768 1170 1831 iu
1186 1767 1252 1832 alia
1268 1767 1471 1832 instructione

351 1875 532 1942 iniunctum
548 1881 583 1941 et
598 1875 786 1941 mandatum
806 1882 865 1941 est

457 1985 612 2068 Inprimis
635 2006 712 2050 vero
737 1990 775 2049 ut
799 1985 960 2050 litteralia
983 1985 1200 2050 iustrumenta
1219 2006 1318 2069 super
1336 1984 1408 2049 istis
1421 2003 1472 2066 per

348 2113 572 2176 quemcunque
596 2092 710 2157 habita
734 2091 877 2176 produci,
894 2089 1040 2158 exhiberi
1065 2096 1228 2174 moneant,
1254 2113 1294 2157 ea
1309 2091 1471 2175 diligenter

347 2198 515 2265 revideant
540 2205 574 2264 et
598 2201 775 2284 excutiant,
799 2207 833 2264 et
857 2201 884 2264 si
911 2221 1006 2284 quem
1029 2200 1236 2283 illegitimum
1260 2218 1468 2285 possessorem

348 2309 566 2392 cognoverint,
590 2309 684 2374 illum
707 2309 801 2374 bouis
826 2309 940 2375 cedere
959 2315 994 2374 et
1009 2331 1049 2375 ea
1064 2330 1212 2374 camerae
1228 2315 1362 2375 nostrae
1377 2305 1469 2392 appli-

348 2418 416 2481 cari
431 2416 608 2482 decernant
623 2423 656 2482 et
670 2423 919 2501 prosequantur.

456 2521 583 2590 Similia
599 2547 728 2608 quoque
737 2531 942 2609 transumpta
957 2526 1024 2589 sive
1035 2525 1183 2609 exempla
1192 2525 1333 2590 aliorum
1349 2543 1468 2610 quoque

347 2631 599 2715 privilegiorum,
615 2633 814 2716 libertatum,
829 2634 1079 2716 immunitatum,
1104 2635 1413 2717 praerogativarum,
1426 2634 1467 2697 in·

348 2739 568 2824 scriptionum,
584 2743 851 2824 assignationum,
867 2740 1112 2825 obligationum,
1122 2742 1344 2826 donationum,
1360 2742 1467 2808 iurium

348 2853 382 2913 et
407 2849 593 2932 quorumvis
616 2850 810 2914 litteralium
844 2851 1134 2915 instrumentorum
1159 2851 1336 2917 cameralia
1369 2855 1470 2916 nost-ra

349 2977 479 3043 quoquo
495 2957 590 3022 modo
607 2959 878 3040 concernentium,
895 2980 978 3042 quae
994 2958 1081 3041 apud
1101 2958 1230 3024 eosdem
1246 2981 1306 3044 per
1322 2977 1469 3044 quoscun-

349 3087 412 3150 que
427 3064 691 3150 producerentur,
703 3071 760 3131 aut
769 3066 852 3131 alias
862 3065 976 3130 baberi
991 3072 1132 3150 possent,
1148 3067 1326 3150 diligenter
1340 3063 1468 3132 describi

349 3173 430 3239 etin
446 3195 545 3238 unum
561 3173 682 3240 librum
704 3173 807 3259 redigi
833 3180 866 3240 et
883 3177 1060 3260 regestrari
1079 3181 1202 3260 curent,
1225 3177 1352 3242 etiamsi
1368 3176 1468 3257 aliqua

349 3280 431 3346 talia
445 3279 479 3344 in
495 3279 546 3344 his
557 3287 664 3347 essent
675 3281 1066 3366 litteraliainstrumenta,
1082 3305 1166 3367 quae
1177 3284 1298 3349 cassari
1315 3283 1468 3361 deberent,

348 3393 386 3454 ut
401 3388 466 3454 ista
480 3386 522 3453 ab
538 3390 611 3455 aliis
627 3389 783 3456 distincta
800 3397 833 3456 et
848 3392 882 3456 in
902 3393 1098 3476 singularem
1107 3393 1227 3459 librum
1244 3391 1407 3477 descripta
1420 3391 1468 3456 ha·

347 3499 489 3564 beantur
505 3504 538 3565 et
556 3499 774 3566 adserventur.

456 3606 624 3675 Stetutum
649 3608 779 3693 quidem
804 3613 853 3674 est
868 3629 927 3692 per
951 3630 1019 3693 nos,
1042 3609 1092 3676 uti
1108 3631 1148 3675 ex
1173 3609 1280 3675 altera
1294 3608 1468 3693 intelligen-

349 3717 426 3782 dum
450 3717 669 3802 instructione,
695 3717 804 3785 omnia
831 3718 919 3784 boue
941 3716 1122 3784 infidelium
1155 3717 1198 3784 ad
1229 3739 1287 3783 nos
1313 3719 1465 3796 devoluta,

348 3825 443 3890 sicuti
459 3826 556 3889 etiam
572 3825 606 3888 in
622 3826 777 3908 proximis
793 3826 932 3892 comitiis
948 3824 1159 3910 Devensibus,
1184 3827 1218 3891 iu
1233 3827 1372 3910 gratiam
1388 3847 1467 3891 rece·

348 3937 478 4016 ptorum
494 3929 603 3996 futuro
619 3937 765 4018 tempore
776 3931 893 3998 debere
910 3955 978 3999 esse
994 3933 1199 4000 feudalia
1218 3955 1256 4000 ac
1271 3956 1330 4019 pro
1347 3933 1467 4000 feudis

348 4037 556 4104 benemeritis
572 4043 606 4104 et
621 4037 794 4106 Germanis
819 4040 948 4126 quidem
965 4040 1120 4106 collatum
1137 4041 1187 4105 in'.
1204 4038 1269 4106 Sed
1286 4063 1358 4108 cum
1374 4039 1466 4124 aliqui

349 4167 389 4210 ex
404 4144 611 4230 magnatibus
628 4151 661 4212 et
676 4147 840 4214 nobilibus
865 4149 899 4213 in
915 4145 978 4213 fide
993 4148 1207 4232 perstiterint,
1226 4170 1265 4213 ac
1280 4149 1466 4232 impiguera

348 4253 460 4336 tiones,
486 4253 723 4340 inscriptiones,
748 4255 948 4321 venditiones
974 4261 1032 4320 aut
1048 4254 1239 4322 donationes
1264 4254 1423 4322 bonorum
1437 4255 1466 4319 in

348 4361 493 4430 futurum
527 4361 597 4429 lieri
627 4369 776 4449 possent:
803 4365 944 4431 director
969 4371 1002 4431 et
1035 4365 1212 4431 consiliarii
1237 4366 1340 4432 nostri
1363 4363 1467 4432 sedule

349 4469 527 4555 observent,
542 4477 579 4537 ut
595 4471 622 4537 si
638 4493 703 4556 qua
717 4472 753 4538 in
769 4472 924 4540 eiusmodi
934 4472 1027 4540 bonis
1043 4479 1151 4540 essent
1161 4473 1328 4540 commoda
1344 4477 1378 4538 et
1393 4493 1468 4538 emo

348 4579 502 4662 lumenta,
528 4600 611 4664 quae
637 4601 709 4646 cum
734 4581 855 4648 maiore
871 4581 980 4648 fructu
995 4603 1054 4666 per
1069 4603 1129 4648 nos
1144 4581 1278 4647 retineri
1295 4587 1329 4646 et
1344 4585 1468 4666 propter

348 4687 409 4756 hoc
425 4687 465 4754 de
481 4687 619 4755 aliorum
635 4687 793 4754 bonorum
809 4711 941 4756 numero
958 4689 1063 4775 excipi
1080 4696 1114 4756 et
1129 4687 1327 4776 sequestrari
1338 4691 1466 4772 possent,
