3218 5424
751 455 869 504 annium
885 453 1138 503 onszloosdnesm.

886 727 996 796 LXV.

800 877 895 938 1607.
915 872 1004 957 jdn.
1031 877 1082 936 20.

374 1031 414 1085 Aa
425 1032 526 1104 eraldlyi
536 1030 754 1101 rerutedselitudc
769 1027 882 1095 quds
891 1025 1025 1095 fdltqlaca:
1041 1045 1059 1079 ct
1068 1027 1201 1094 jessuitdd
1210 1027 1344 1082 taeitutsdt
1353 1025 1481 1080 ettotiirom'

798 1119 905 1190 tdiee'ay
919 1115 1095 1172 dozcluldro'l.

481 1256 690 1324 serenissime
715 1255 865 1339 princeps
891 1256 923 1318 et
948 1249 1077 1317 domine
1102 1252 1232 1318 domine
1257 1251 1351 1319 nobis
1367 1251 1483 1316 clemen·

374 1367 505 1448 tissime,
531 1364 701 1430 humilium
727 1363 929 1430 servitiorum
954 1367 1141 1427 nostrorum
1175 1360 1484 1445 obsequentissimam

377 1474 583 1540 oblationem.

478 1599 611 1666 Litoras
626 1599 810 1664 screnitatis
826 1599 953 1664 vestrae
969 1617 1027 1680 pro
1052 1596 1254 1662 restituendo
1283 1597 1318 1662 in
1333 1596 1415 1662 hanc
1427 1617 1486 1680 pro·

372 1709 509 1775 vinciam
524 1709 637 1775 ordine
649 1709 802 1794 jesuitico
818 1707 948 1790 Pragae
965 1711 1017 1771 27.
1043 1705 1094 1770 die
1110 1706 1282 1790 praeteriti
1299 1707 1414 1772 mensis
1428 1727 1488 1770 exa-

372 1825 470 1902 ratas,
490 1823 540 1883 16.
565 1817 744 1902 praesentis
769 1817 803 1882 in
829 1816 960 1900 publica
985 1803 1238 1898 congregatione
1254 1819 1366 1880 nostra
1382 1815 1488 1897 accepi·

372 1948 452 2009 mus,
468 1948 567 2010 penes
584 1946 665 2009 quas
676 1947 747 1990 cum
758 1945 791 1990 se
807 1922 1003 1989 reverendus
1013 1921 1038 1988 J
1039 1943 1160 1988 oannes
1170 1918 1321 2006 Argenta
1336 1927 1489 2006 praetextu

376 2033 527 2118 publicae
543 2033 715 2116 legationis
731 2053 751 2096 a
767 2031 819 2098 Sta
828 2029 894 2098 Vra
912 2035 1073 2114 acceptae,
1098 2035 1245 2095 nostrum
1262 2031 1448 2096 insinuasset
1461 2031 1488 2094 in

373 2147 590 2225 conspectum.
605 2140 680 2206 Etsi
705 2145 773 2205 tam
799 2159 838 2203 ex
854 2138 1024 2204 literarum
1047 2138 1260 2220 emanatione,
1289 2159 1386 2222 quam
1402 2139 1486 2202 etiam

373 2250 574 2316 clandestino
590 2249 691 2332 ipsius
707 2248 740 2312 in
765 2247 965 2332 provinciam
990 2247 1145 2330 ingressu,
1165 2246 1277 2330 palam
1293 2246 1434 2312 omnibus
1448 2267 1489 2310 es·

374 2365 431 2440 set,
448 2379 521 2422 cum
537 2357 570 2421 in
586 2357 692 2441 prima
716 2355 917 2440 profectione
944 2375 1049 2438 neque
1064 2355 1236 2420 literarum
1251 2375 1357 2438 neque
1371 2353 1489 2437 legatio·

373 2469 423 2532 nis
440 2467 613 2552 quicquam
629 2489 649 2531 a
666 2463 719 2532 see
738 2464 803 2532 Vra
821 2465 864 2529 ad
889 2485 948 2528 nos
964 2463 1134 2546 accepisse,
1154 2484 1266 2527 verum
1282 2464 1411 2546 interea,
1426 2463 1491 2528 dum

373 2582 500 2658 tempus
517 2573 731 2656 comitiorum,
746 2573 844 2638 variis
860 2573 894 2636 in
910 2572 990 2638 locis
1007 2571 1226 2637 delitescendo
1242 2573 1490 2655 praestolaretur,

374 2683 413 2748 de
428 2683 533 2748 literis
549 2680 832 2748 commendatoriis
849 2679 911 2746 Scis
930 2679 1010 2748 Vise
1026 2679 1087 2745 sibi
1103 2679 1290 2763 providisse,
1301 2679 1491 2746 nihilominus

374 2795 483 2856 tamen
499 2789 554 2854 ubi
580 2809 696 2854 nomen
721 2789 891 2873 augustale
908 2785 1060 2856 ssisvrao
1079 2788 1306 2873 quoquomodo
1322 2790 1356 2853 in
1374 2789 1431 2854 hoc
1444 2808 1488 2852 nc·
1549 2805 1550 2840 l

374 2900 463 2986 gotio
480 2897 601 2964 versari
618 2897 766 2962 auditum
782 2903 841 2982 est,
867 2901 900 2963 et
926 2897 1039 2962 literas
1064 2897 1207 2963 eiusdem
1224 2919 1290 2983 qna
1309 2920 1369 2983 par
1385 2901 1431 2963 est
1444 2895 1488 2961 de
1549 2897 1550 2942 ἐ

372 3009 522 3074 missione
552 3008 805 3091 reverentiaque,
839 3006 1030 3090 accepimus,
1065 3011 1098 3070 et
1128 3006 1301 3090 jesuitam,
1336 3027 1400 3072 non
1431 3011 1488 3069 tan

373 3116 500 3181 nomine
517 3114 577 3181 stis
594 3113 675 3183 prae
690 3115 863 3198 legationis
889 3113 1014 3198 aliquid
1038 3112 1240 3198 referentem,
1265 3136 1363 3198 quam
1378 3113 1488 3198 prolixe

372 3223 406 3287 in
422 3244 530 3288 rerum
555 3244 686 3289 suarum
711 3223 963 3288 emolumentum
988 3221 1201 3288 disserentem
1225 3222 1391 3307 patienter
1415 3218 1488 3286 audi·

374 3331 485 3398 vimus

481 3438 648 3526 Quantum
664 3461 739 3507 vero
756 3439 798 3506 ad
808 3440 1047 3506 restitutionem
1056 3439 1154 3505 huius
1170 3439 1293 3506 ordinis
1308 3442 1436 3525 attinet,
1451 3457 1488 3503 ne

374 3573 436 3637 que
453 3553 600 3618 nostrum
616 3570 721 3635 neque
737 3549 801 3615 loci
826 3550 1006 3633 praesentis
1021 3549 1230 3632 arbitramur,
1246 3570 1362 3616 causas
1376 3548 1485 3633 longius

375 3661 568 3742 examinare,
593 3659 645 3724 vel
670 3658 773 3742 digito
799 3655 902 3742 (quod
918 3656 1025 3744 aiunt)
1045 3663 1236 3742 monstrare,
1261 3679 1319 3724 our
1344 3657 1386 3723 ab
1410 3654 1486 3722 initio

374 3771 533 3837 alienores
549 3768 673 3834 animos
690 3787 767 3851 erga
782 3766 869 3832 hunc
894 3767 1049 3852 ordinem,
1066 3789 1164 3852 quam
1179 3767 1322 3851 reliquos
1339 3765 1487 3832 &manae

373 3879 540 3963 religionis
556 3877 757 3960 gesserimus,
767 3875 869 3940 satius
880 3895 919 3940 ea
934 3881 1052 3960 tacere,
1068 3896 1129 3959 pro
1144 3874 1229 3942 bono
1245 3876 1399 3959 ipsorum,
1409 3888 1487 3959 quau

373 3985 722 4072 litigioseperpendere
741 3980 1057 4050 volumus.Attentis
1076 3988 1186 4049 autem
1204 3982 1379 4066 diligenter
1389 3987 1421 4047 et
1435 3997 1487 4065 per·

374 4097 536 4180 scrutatis,
562 4100 721 4181 quantum
746 4091 855 4158 damni
880 4093 932 4158 vel
957 4093 1166 4160 emolumenti
1192 4099 1299 4158 sectae
1315 4085 1486 4176 ipsomnin

374 4205 458 4272 hanc
474 4204 672 4290 provinciam
688 4202 834 4268 inductio
851 4201 1010 4285 attulerit,
1027 4207 1061 4267 et
1080 4201 1209 4286 quoties
1225 4221 1245 4266 a
1260 4200 1435 4266 maioribus
1447 4213 1486 4259 no·

374 4314 451 4380 stris
483 4313 601 4399 elapsis
632 4311 833 4396 temporibus
864 4331 903 4375 ex
939 4309 1000 4376 hac
1031 4310 1201 4394 provincia
1230 4307 1362 4393 publico
1394 4305 1485 4378 edicto,

375 4423 541 4506 signanter
556 4441 631 4486 vero
655 4425 814 4504 regnante
840 4417 1046 4502 Sigismundo
1071 4417 1222 4504 Bathory
1238 4417 1274 4482 in
1288 4415 1433 4482 articulis
1444 4427 1483 4493 gt·

375 4529 541 4596 neralibus
557 4529 590 4594 in
607 4529 739 4595 civitate
763 4526 914 4612 Meggies
938 4527 973 4593 in
989 4547 1073 4594 anno
1098 4526 1220 4593 domini
1239 4529 1334 4591 1588.
1351 4515 1484 4590 emeratis

376 4639 492 4724 emissi,
518 4659 622 4728 neque
646 4657 790 4728 unquam
815 4637 877 4704 nisi
902 4635 980 4727 ipsis
997 4642 1029 4705 et
1046 4635 1139 4706 nobis
1163 4635 1274 4706 insitis
1291 4631 1415 4706 reducti
1429 4626 1484 4695 sint·
