3100 5420
327 502 394 564 472
700 514 818 561 cucurri
833 512 1086 562 ouszsceroscsex.

327 683 504 763 perpetuae
519 677 730 763 infidelitatis,
747 680 854 764 ertji'rk
871 680 954 764 hogy
965 677 1101 763 fbktpen
1112 676 1318 743 Moldovabol
1333 681 1364 742 ts
1376 676 1432 741 Ha-

327 785 560 852 vasalsbldebbl
584 785 687 852 ansele
711 790 808 870 peuzt
832 786 1095 872 egynehanyszor
1118 786 1239 852 hoztak
1254 774 1433 868 kozomben,

328 898 361 959 cs
378 895 564 978 naponkent
588 895 733 960 koztunk
748 895 938 977 hordozzsk,
964 895 1052 960 azzal
1069 895 1160 960 alren
1176 898 1210 960 cs
1226 891 1435 978 deprehendu-

327 1003 480 1068 tattanalr
503 1003 663 1069 rasarban
696 1004 786 1068 mind
811 1003 975 1087 ponzcstbl
1009 1001 1103 1068 affola
1128 1004 1287 1069 cmbcrek.
1312 1001 1437 1066 Tetazett

328 1115 425 1194 azert,
442 1109 526 1195 hogy
543 1109 637 1176 affola
653 1110 803 1175 emberek
835 1110 999 1194 tlpcnzzel
1023 1109 1230 1192 kereskedblr,
1249 1109 1362 1174 necsal
1377 1111 1437 1172 sru-

323 1219 417 1302 jokat
434 1241 449 1282 s
464 1218 673 1302 marbajokat
698 1218 863 1284 veszessck
889 1218 926 1300 el,
943 1217 1060 1282 hanam
1078 1221 1096 1282 ὃ
1112 1217 1232 1301 magok
1248 1215 1436 1302 captivaltas·

329 1325 431 1390 sanak
448 1329 481 1389 es
498 1329 632 1410 torreny
657 1329 785 1391 suerent
809 1325 1085 1392 blintettessenek.
1106 1322 1157 1391 ΑΖ
1174 1325 1345 1410 marhajok
1358 1323 1438 1390 fiscus

329 1438 474 1498 szamtra
499 1433 813 1500 confisoaltassanals.

437 1539 510 1626 (18)
527 1538 578 1606 Aa
595 1542 710 1607 elmult
725 1540 877 1608 tidbkbcn
892 1563 929 1606 aa
954 1545 1089 1627 ssegeny
1105 1542 1286 1626 oreztgnak
1300 1562 1378 1624 nagy
1392 1539 1440 1604 sol

331 1651 441 1734 insege
458 1653 492 1715 os
508 1651 649 1716 romlasa
672 1651 785 1716 miattt
800 1648 939 1734 fokepen
964 1650 1185 1717 Moldovtban
1205 1651 1378 1715 sztrntalan
1392 1647 1442 1712 sols

312 1760 504 1841 'szegcnseg
519 1757 621 1823 futott
638 1780 675 1823 az
691 1757 857 1842 lalrsagrbl
883 1763 932 1823 ott
947 1759 1020 1823 valo
1032 1757 1234 1843 jobbagyinlr
1249 1758 1365 1822 kbzzbl.
1379 1755 1442 1820 uec

331 1872 413 1931 szett
429 1870 526 1946 azert,
543 1865 629 1950 hcgy
645 1867 749 1950 primo
774 1887 903 1949 quoque
919 1871 1065 1950 tempore
1084 1867 1192 1931 urunk
1207 1869 1227 1931 ὅ
1243 1869 1400 1950 nagysags
1412 1884 1443 1927 aa

333 1979 382 2038 ott
399 1973 471 2039 valo
488 1973 598 2056 vajdat
614 1973 714 2037 levale
731 1973 812 2038 altal
832 1973 1077 2056 megtalaltassa
1093 1977 1126 2038 cs
1142 1974 1235 2057 intse,
1253 1973 1337 2058 hcgy
1352 1975 1442 2038 oreat-

330 2079 437 2162 gaban
453 2080 638 2145 mindeni'rtt
652 2079 747 2146 affola
763 2081 866 2146 futott
877 2079 1100 2166 jobbagyokat
1119 2081 1356 2166 megkialtassa,
1371 2079 1444 2163 hogy

330 2210 415 2272 nagy
430 2188 582 2254 btiutetas
597 2188 682 2253 alatt
697 2191 797 2254 onnct
813 2188 965 2273 helyekre
985 2189 1232 2274 talcarcdjanaln

437 2295 507 2361 Nos
523 2297 634 2380 itaque
658 2297 837 2381 praemissa
861 2298 1099 2380 supplicatione
1115 2295 1260 2362 fidelium
1276 2300 1445 2362 nostrorum

330 2405 532 2470 dominorum
557 2426 736 2489 procerum,
761 2410 951 2487 magnatum
977 2411 1010 2471 et
1025 2405 1191 2489 nobilium,
1217 2410 1446 2486 ceterorumque

331 2519 475 2578 statuum
500 2519 533 2577 et
558 2513 707 2578 ordinum
731 2513 829 2578 trium
860 2513 1030 2578 nationum
1054 2514 1214 2597 praedicti
1239 2514 1330 2596 regni
1353 2511 1445 2576 nostri

330 2621 600 2706 Transsylvaniae
616 2620 754 2706 benigne
768 2621 936 2686 intellecta
952 2628 985 2687 ct
1000 2621 1142 2688 admissa
1157 2622 1372 2706 praescriptos
1387 2619 1447 2683 uni·

330 2751 438 2794 versos
456 2735 489 2794 et
513 2730 658 2812 singulos
682 2729 837 2794 articulos
852 2729 946 2796 nobie
971 2729 1067 2796 modo
1083 2731 1262 2816 praemisso
1278 2733 1447 2814 praesente·

330 2842 390 2916 tos,
405 2836 631 2919 praesentibus
647 2836 766 2900 litteris
791 2837 911 2901 nostris
928 2836 968 2902 da
993 2837 1090 2904 verbo
1106 2839 1297 2904 adverbum
1312 2836 1405 2902 inseri
1419 2841 1448 2899 et

330 2948 463 3013 inscribi
480 2947 622 3032 fecimus,
639 2945 831 3030 eosdemque
848 2969 887 3013 ac
902 2949 1011 3014 omnia
1022 2957 1054 3014 et
1065 2950 1192 3034 singula
1207 2951 1241 3015 in
1257 2950 1369 3014 iisdem
1383 2967 1447 3012 con·

330 3063 423 3123 tenta
438 3064 537 3140 ratos,
562 3059 673 3139 gratos
698 3059 732 3119 et
756 3059 891 3138 accepta
906 3053 1064 3122 habentes
1087 3057 1207 3122 eisdem
1223 3061 1369 3122 nostrum
1384 3073 1447 3118 con·

331 3187 459 3229 sensum
474 3163 664 3229 benevolum
692 3162 816 3245 pariter
842 3167 874 3226 et
899 3183 1065 3228 assensum
1090 3163 1307 3248 praebuimus,
1322 3163 1447 3243 illosque

331 3280 364 3337 et
380 3273 514 3354 quaeuis
529 3271 564 3334 in
583 3271 629 3334 eis
645 3274 798 3334 contenta
814 3270 1015 3336 authoritate
1031 3277 1143 3337 nostra
1158 3271 1332 3355 principali
1347 3290 1447 3351 accep-

329 3381 477 3460 tavimus,
493 3378 751 3462 approbavimus,
766 3377 997 3443 ratificavimus
1021 3401 1059 3444 ac
1084 3378 1359 3445 confirmavimus:
1384 3375 1450 3442 offe·

330 3495 439 3553 rentes
455 3509 514 3552 nos
531 3487 669 3569 benigne
695 3485 781 3568 quod
804 3487 999 3569 praemissos
1015 3507 1125 3553 omncs
1141 3487 1296 3553 articulos
1312 3488 1345 3551 in
1360 3483 1449 3551 omni·

330 3597 390 3661 bus
407 3596 472 3660 suis
488 3595 616 3678 punctis
642 3593 795 3658 clausulis
821 3600 853 3658 ct
869 3595 1017 3660 articulis
1045 3601 1111 3660 tam
1127 3595 1264 3679 nosipsi
1280 3591 1450 3660 obseruabi·

329 3725 409 3786 mus,
428 3724 526 3786 quam
541 3723 599 3786 per
624 3702 706 3766 alios
722 3723 832 3766 omnes
844 3699 956 3766 fideles
978 3710 1106 3768 nostros
1122 3703 1339 3788 cujuscunque
1355 3707 1449 3768 status
1532 3765 1534 3788 ,

331 3819 364 3876 ct
389 3810 584 3876 conditionis
609 3809 752 3874 existant
776 3809 947 3874 observare
979 3809 1133 3876 faciemus
1156 3811 1222 3876 imo
1248 3817 1451 3894 acceptamus
1532 3801 1534 3898 l

330 3918 556 4001 approbamus,
581 3915 780 3982 ratificamus
815 3921 848 3981 ot
883 3916 1110 3982 confirmamus
1140 3917 1256 3982 harum
1281 3924 1452 3984 nostrarum
1531 3923 1534 4024 t

330 4027 439 4106 vigore
465 4032 497 4088 ct
522 4024 709 4089 testimonio
734 4025 920 4088 litterarum
944 4024 1116 4108 mediante.
1141 4025 1268 4090 Datum
1292 4026 1325 4090 in
1344 4021 1452 4108 oppido
1532 4033 1534 4086 ἱ

329 4139 442 4196 nostro
459 4132 574 4198 Marus
590 4131 774 4216 Vasarhely
791 4132 844 4197 dic
862 4135 903 4196 25
920 4131 1045 4216 Martii,
1061 4155 1146 4199 anno
1163 4133 1284 4198 domiui
1303 4138 1394 4198 1607.
1533 4115 1534 4128 ¹

948 4257 1174 4342 Sigismundus
1193 4257 1352 4344 Rakoozy.

796 4414 847 4501 c-
865 4415 923 4502 Η.)

401 4587 580 4658 (Ercdetirbl,
599 4607 616 4643 a
633 4587 838 4660 augy-szcbcni
856 4584 1117 4643 B1·uckeutbal·sele
1134 4583 1385 4661 gyiijtemdnybo'l).
