3218 5424
385 525 447 585 572
758 536 880 592 uantum,
892 533 1144 584 oirsutoeudttsnu.

380 703 613 784 essevolumus,
625 723 663 765 ea
673 699 857 766 conditione
867 705 905 766 ut
915 701 1049 785 spoliari
1065 702 1157 766 nulla
1173 701 1212 766 de
1223 723 1336 767 caussa
1351 699 1490 787 (uisipro

380 810 515 876 ditionis
542 811 676 874 crimine
703 805 882 894 convictus)
907 809 1020 894 possit,
1045 815 1079 874 et
1102 813 1178 893 post
1197 815 1334 876 mortem
1350 811 1490 894 generalis

380 919 534 984 succedat
550 919 583 983 in
600 917 913 1002 generalatueadem
924 918 1093 1002 dignitate,
1109 918 1241 1002 honore,
1259 919 1455 985 authoritate

485 1021 607 1090 Nonus.
636 1025 797 1095 Volumus
814 1025 974 1110 deinceps,
998 1033 1037 1092 ut
1051 1027 1308 1110 vicegeneralem
1325 1048 1395 1092 cum
1408 1027 1490 1091 titulo

377 1133 645 1218 magnificentiae,
662 1154 737 1199 arce
753 1135 865 1218 aliqua
880 1135 999 1218 insigni
1015 1133 1115 1200 donet
1132 1157 1190 1201 sua
1207 1135 1448 1220 magnificentia

485 1242 648 1308 Decimus.
659 1239 723 1325 Qui
732 1264 819 1308 nunc
828 1244 913 1308 inter
922 1265 982 1309 nos
999 1245 1161 1328 capitanei
1178 1251 1264 1327 sunt,
1281 1245 1378 1310 etiam
1394 1245 1424 1308 in
1445 1263 1492 1328 po

382 1356 505 1416 starum
530 1357 685 1416 maneant
704 1352 875 1434 capitanei,
892 1357 924 1417 et
940 1353 973 1416 in
992 1351 1138 1418 finitimis
1163 1352 1294 1418 arcibus
1308 1351 1495 1432 collocentur,

378 1460 575 1541 competenti
590 1458 752 1542 stipendio
769 1459 944 1544 assignato,
962 1461 1098 1524 caeteris
1118 1481 1248 1543 quoque
1265 1459 1422 1526 militibus
1435 1481 1493 1543 gre·

376 1565 477 1651 garijs
492 1569 583 1631 iuxta
596 1562 715 1632 merita
731 1587 841 1631 eorum
857 1567 1018 1650 stipendia
1034 1568 1240 1651 deputentur.

482 1675 691 1741 Undecimus.
701 1675 871 1757 Volumus,
882 1682 919 1742 ut
935 1677 1096 1760 generalis
1111 1677 1239 1742 ratione
1255 1678 1307 1742 sui
1325 1675 1417 1760 officij
1430 1675 1493 1740 resi·

377 1782 523 1848 dentiam
533 1779 693 1851 Varadini
704 1781 825 1848 habeat
835 1789 869 1847 et
885 1785 1128 1867 capitaneatum
1144 1785 1212 1848 eius
1227 1784 1293 1849 loci
1310 1805 1348 1848 ea
1363 1782 1493 1847 authon'·

375 1897 443 1955 tate
453 1891 582 1974 habeat,
593 1913 658 1974 qua
668 1892 794 1974 antiqui
805 1891 974 1975 capitanei,
985 1891 1136 1956 videlicet
1152 1890 1340 1975 Stephanus
1350 1890 1494 1972 Bathorp'.

373 1995 520 2064 «Ioannes
538 1998 621 2063 Pecz
638 2005 671 2064 et
687 2001 754 2084 alij.
1158 1987 1161 1994 ’

483 2107 713 2172 Duodecimus.
739 2108 955 2173 Desideratus·
972 2109 1079 2189 etiam,
1098 2114 1135 2171 ut
1152 2109 1343 2191 capitaneos
1359 2113 1391 2172 et
1406 2106 1494 2170 dures

377 2218 468 2280 iuxta
485 2237 595 2280 eorum
606 2219 723 2281 merita
739 2217 867 2281 decenti
885 2215 1059 2280 honorario
1077 2225 1211 2280 exornet
1228 2238 1286 2280 sua
1303 2213 1493 2299 magnificen-

377 2326 432 2408 tia,
448 2325 615 2408 bonisque,
640 2345 724 2408 quae
741 2325 774 2388 in
790 2324 947 2390 haeredes
965 2345 1094 2408 quoque
1110 2325 1383 2406 transmittantur,
1399 2321 1494 2397 donet,

376 2434 460 2497 sicut
485 2437 518 2497 et
543 2453 597 2498 eos
622 2435 677 2516 qui
703 2433 745 2498 ad
771 2431 975 2517 splendidam
999 2435 1127 2516 portam
1159 2429 1331 2495 Turcicam
1347 2428 1494 2512 legatione

377 2539 567 2622 funguntur.

479 2649 634 2714 Decimus
662 2649 792 2715 tercius.
818 2647 924 2716 Simili
954 2649 1050 2715 modo
1077 2669 1207 2732 quoque
1223 2646 1396 2731 consiliarij
1414 2646 1494 2709 iuxta

376 2757 494 2822 merita
518 2777 576 2821 sua
601 2757 687 2823 bona
711 2779 750 2822 ac
774 2759 993 2843 possessiones
1019 2759 1258 2840 consequantur
1274 2777 1295 2821 a
1311 2778 1369 2821 sua
1383 2753 1493 2836 magui·

375 2861 513 2928 licentia

482 2970 636 3037 Decimus
661 2978 805 3056 quartus.
831 2971 917 3056 Quia
941 2995 1017 3038 vero
1043 2974 1140 3038 etiam
1165 2992 1341 3054 generosus
1358 2969 1494 3036 dominus

376 3079 565 3146 Tankauser
581 3081 622 3146 ob
640 3083 816 3147 communis
837 3081 915 3147 boni
930 3102 970 3146 ac
984 3081 1132 3146 iusticiae
1149 3079 1368 3145 defensionem
1383 3079 1416 3142 in
1430 3095 1493 3141 ean·

376 3189 446 3254 dem
474 3188 625 3254 fortunae
650 3189 754 3254 aleam
779 3211 813 3254 se
838 3190 987 3272 coniecit,
1011 3190 1045 3254 in
1062 3209 1126 3272 qua
1141 3209 1201 3254 uos
1216 3185 1345 3268 fuimus,
1361 3186 1494 3252 volumus

376 3297 481 3378 etiam,
497 3302 534 3361 ut
551 3295 974 3382 suamaguificentiaipsum
991 3317 1120 3380 quoque
1141 3296 1398 3379 competentibus
1412 3291 1495 3357 bonis

375 3405 473 3470 donet
489 3424 528 3470 ac
544 3410 686 3470 exornet.

482 3511 637 3578 Decimus
663 3513 803 3597 quintus.
829 3513 988 3580 Volumus
1013 3513 1153 3596 insuper,
1169 3519 1207 3578 ut
1221 3511 1378 3578 haidones
1393 3528 1494 3575 omnes

372 3623 406 3686 in
417 3643 455 3687 ea
470 3623 645 3706 provincia,
663 3641 747 3704 quae
757 3624 843 3687 inter
859 3619 1072 3702 Varadinum‚
1088 3619 1206 3704 Eczed,
1221 3618 1325 3686 Kallo
1341 3616 1493 3700 intercipi·

373 3737 436 3814 tur,
446 3732 494 3796 ita
505 3729 714 3812 collocentur,
731 3737 767 3796 ut
783 3731 861 3815 ipsis
878 3735 911 3794 et
926 3749 1038 3795 eorum
1053 3727 1247 3794 haeredibus
1262 3728 1296 3791 in
1313 3731 1495 3812 perpetuum

372 3839 509 3904 libertas
535 3837 739 3922 coucedatur,
766 3845 865 3922 atque
880 3839 943 3903 hac
958 3837 1096 3920 ratione,
1115 3836 1242 3920 quoties
1258 3836 1351 3919 regni
1369 3831 1496 3900 necessi-

374 3955 426 4013 tas
443 3949 558 4031 exiget,
575 3949 608 4012 in
623 3955 755 4033 promtu
772 3969 840 4014 esse
857 3953 891 4013 et
905 3951 1039 4031 repente
1056 3945 1142 4010 coire
1158 3945 1290 4027 possint.

480 4055 635 4121 Decimus
661 4063 778 4123 sextus.
805 4054 890 4141 Quia
906 4077 982 4121 vero
1001 4071 1172 4138 perversae
1188 4049 1264 4114 fidei
1281 4073 1321 4116 ac
1335 4047 1493 4135 religionis

375 4162 531 4244 homines,
556 4163 642 4230 siout
668 4165 728 4230 deo
744 4165 840 4231 fidem
856 4187 920 4231 non
938 4164 1121 4244 observant,
1137 4160 1182 4225 sio
1205 4157 1408 4244 principibus
1423 4177 1493 4241 quo·

375 4289 438 4353 que
454 4291 492 4334 ac
508 4273 661 4353 proximis
677 4273 767 4340 infidi
785 4297 854 4340 esse
871 4275 985 4356 solent,
994 4279 1032 4336 ut
1047 4269 1152 4336 multa
1162 4267 1312 4352 exempla
1322 4267 1497 4352 loquuntur.

371 4377 590 4446 Vehementer
606 4389 763 4466 optamus,
773 4391 810 4449 ut
826 4378 1136 4465 suamagnificentia
1151 4377 1334 4442 haereticos
1352 4382 1384 4442 et
1398 4374 1492 4441 idolo·

371 4488 475 4551 latras
490 4508 549 4552 nec
574 4489 607 4555 in
633 4491 709 4556 aula
734 4491 862 4575 habeat,
887 4491 997 4556 necin
1014 4486 1182 4554 consilium
1208 4484 1371 4567 admittat,
1386 4505 1444 4550 nec
1459 4479 1495 4547 ad

372 4591 479 4660 officia
503 4617 542 4660 ac
558 4595 736 4681 dignitates
761 4601 826 4666 sive
852 4621 968 4686 parvas
989 4599 1055 4664 sive
1074 4615 1210 4678 magnas
1234 4597 1430 4679 promoveat,
1445 4589 1494 4656 sed

375 4703 485 4767 omnia
501 4706 638 4786 negocia
662 4714 819 4792 purgatae
844 4733 882 4776 ac
898 4715 1007 4776 rectae
1024 4703 1100 4770 fidei
1115 4701 1300 4768 bominibus
1317 4703 1496 4770 committat.
