3218 5424
596 521 687 574 1607.
703 538 779 572 nncz.
801 515 848 575 13.

264 690 359 775 Quod
374 691 446 776 ipsa
471 692 635 776 praesenti
660 691 723 757 boc
747 711 902 757 novorum
919 693 1118 758 tumultuum
1142 697 1289 776 tempore

153 802 252 887 plane
272 821 344 866 sum
369 805 505 867 conatus
521 799 753 882 demonstrare,
778 805 815 865 ut
840 800 926 864 enim
951 798 993 866 ab
1019 799 1147 866 arcibus
1159 801 1285 886 Tokai,

156 907 271 991 Kella,
282 907 443 974 Zathmar
453 913 486 975 et
496 909 570 975 aliis
581 930 660 975 saer.
672 929 753 974 caes.
764 930 789 974 r.
799 907 874 972 Mus
883 907 1153 993 Vraepraesidiis
1169 909 1287 993 quibus

153 1019 293 1084 maxime
317 1016 506 1084 imminebat
531 1017 643 1102 hostis,
659 1017 839 1102 periculum
855 1022 1043 1100 averterem,
1058 1017 1183 1102 primus
1198 1019 1288 1084 ultra

153 1125 320 1192 Tibiscum
345 1127 456 1211 copias
483 1127 582 1210 coegi,
607 1125 667 1192 tali
692 1123 822 1191 omnino
850 1129 1012 1209 apparatu
1028 1127 1060 1190 et
1076 1129 1213 1208 sumptu,
1230 1128 1286 1211 qui

152 1234 347 1302 fidelitatem
373 1237 406 1301 in
432 1235 527 1304 Vram
551 1255 631 1300 sacr.
657 1253 739 1298 caes.
765 1253 831 1316 reg.
846 1231 943 1297 Mrem
958 1253 1063 1298 meam
1080 1232 1225 1299 decebat.
1240 1233 1287 1300 nt

151 1366 217 1428 quo
244 1345 347 1410 tutius
373 1346 546 1411 comitatus
571 1345 605 1408 in
632 1364 769 1427 quorum
794 1341 969 1408 visceribus
993 1341 1095 1407 hostis
1119 1341 1277 1408 haerebat

150 1454 268 1520 timore
288 1459 444 1538 exempto,
459 1454 596 1518 militem
612 1451 816 1518 conscribere
840 1455 873 1516 et
888 1450 930 1514 ad
945 1451 1033 1516 latus
1050 1455 1148 1534 spect.
1165 1472 1203 1517 ao
1219 1473 1285 1518 ma-

151 1559 261 1644 gnifici
273 1561 394 1628 domini
406 1560 604 1645 Sigismundi
615 1559 768 1643 Forgach
777 1560 812 1624 in
821 1559 881 1625 has
891 1565 1001 1643 partes
1012 1559 1222 1626 commissarii
1233 1581 1286 1626 ex·

150 1668 264 1752 pedire
288 1675 427 1754 possent,
458 1671 500 1736 ab
516 1670 555 1735 iis
571 1669 604 1734 in
620 1691 671 1733 me
687 1668 831 1734 converti
843 1667 979 1750 hostem,
995 1671 1178 1752 opportune
1195 1669 1284 1734 traii-

151 1777 266 1842 cieudo
284 1777 459 1844 Tibiscum.
475 1777 550 1844 Hoc
565 1799 641 1843 uero
657 1776 815 1860 imprimis
831 1795 903 1840 mea
917 1775 1037 1840 festina
1054 1775 1216 1860 expeditio
1233 1783 1281 1842 at·

150 1885 228 1950 tulit
253 1885 334 1954 Viae
358 1909 438 1952 secr.
464 1908 546 1953 caes.
571 1907 639 1969 rog.
666 1885 727 1950 Mu
758 1883 969 1968 commodum,
995 1885 1083 1968 quod
1100 1885 1281 1970 exemplum

151 2013 258 2057 meum
275 1995 377 2059 secuti
386 1995 420 2060 in
436 2017 509 2060 eum
526 2015 693 2060 numerum
710 1990 821 2058 fideles
830 1991 911 2060 Vrsa
927 2013 1007 2057 sacr.
1024 2015 1108 2059 caes.
1124 2015 1189 2078 reg.
1205 1991 1282 2058 Meis

151 2103 358 2186 exoravimus,
383 2109 420 2169 ut
445 2109 555 2188 partes
571 2103 737 2168 videamur
752 2101 1009 2166 sceleratissimis
1024 2102 1151 2186 patriae
1169 2101 1280 2186 depre-

151 2208 319 2276 datoribus
335 2219 368 2277 et
383 2211 465 2277 bene
476 2234 641 2296 speramus
657 2211 802 2295 auspicio
818 2208 905 2274 felici
921 2208 1003 2276 Vrae
1020 2230 1100 2275 saer.
1118 2231 1199 2275 caes.
1215 2233 1281 2294 reg.

149 2319 225 2386 Meis
250 2339 308 2386 nos
333 2327 391 2386 aut
416 2321 585 2387 sedaturos
610 2321 834 2405 optatissimae
858 2320 948 2404 pacis
975 2317 1056 2403 (qua
1072 2340 1131 2384 nos
1148 2318 1227 2384 deus
1244 2325 1277 2384 et

150 2429 227 2496 Vrae
253 2451 333 2495 sacr.
351 2451 432 2496 caes.
448 2451 513 2514 reg.
530 2429 605 2495 Mus
620 2428 826 2514 providentia
841 2425 950 2494 fuerat
965 2424 1115 2511 dignata)
1133 2427 1280 2492 turbato-

148 2558 208 2620 res,
225 2543 283 2602 aut
298 2538 325 2602 si
335 2537 422 2602 sanis
433 2538 575 2603 consiliis
586 2537 825 2621 acquieverunt,
837 2537 942 2620 pretio
952 2533 1089 2600 lusuros.
1099 2531 1279 2602 Humilime

148 2645 249 2729 igitur
274 2645 420 2730 supplico
447 2645 528 2713 vtae
553 2667 634 2712 sacr.
652 2666 733 2711 caes.
749 2665 818 2727 reg.
832 2643 894 2708 Mei
917 2665 1008 2710 suam
1025 2645 1059 2707 in
1075 2665 1127 2708 me
1142 2643 1279 2709 clemen·

147 2753 305 2818 tissimum
322 2753 461 2836 gratiam
478 2753 556 2818 velit
571 2754 605 2818 in
623 2752 690 2818 dies
707 2773 826 2836 augere
843 2757 876 2816 et
892 2751 988 2836 plane
1004 2749 1166 2835 perficere.
1183 2749 1279 2835 Quod

146 2881 222 2925 vero
248 2859 385 2926 dominis
409 2861 602 2927 consiliariis
627 2860 707 2930 Vuae
724 2882 804 2926 sacr.
830 2881 904 2926 caes
929 2881 995 2944 reg.
1022 2860 1097 2925 Meis
1113 2859 1177 2926 bac
1192 2862 1226 2926 in
1242 2883 1277 2926 re

146 2965 372 3035 difficultatem
396 2967 503 3034 facere
528 2968 707 3052 ridebatur,
722 2989 763 3032 ne
780 2968 903 3053 absque
918 2969 1050 3052 praevia
1066 2989 1175 3034 rerum
1193 2990 1277 3034 com·

145 3079 308 3162 positione
324 3099 363 3144 ac
377 3077 615 3162 regnicolarum
626 3077 803 3143 annuentia
813 3099 988 3143 consensus
1005 3076 1084 3144 Vrsa
1095 3097 1175 3142 sacr.
1194 3097 1275 3143 caes.

145 3207 212 3270 reg.
237 3185 315 3251 Mur
344 3187 546 3252 occasionem
571 3185 752 3270 praeberet,
777 3206 837 3269 ego
863 3187 928 3251 iam
956 3205 1028 3251 cum
1054 3185 1095 3250 D.
1112 3185 1277 3252 Rakoczio

146 3299 236 3360 certo
262 3295 424 3378 transegi;
440 3293 632 3378 pustulabat
650 3295 794 3379 aliquam
816 3293 1021 3360 servitiorum
1037 3315 1167 3360 suorum
1184 3294 1277 3360 satis·

147 3400 322 3468 factionem
333 3407 365 3468 et
375 3423 435 3486 pro
446 3401 898 3468 excessioneeTransilvania
906 3403 1192 3468 coniectationem.
1202 3401 1275 3486 Ego

146 3517 180 3576 et
195 3510 257 3576 boe
272 3532 369 3576 onere
386 3531 456 3576 sum
467 3513 693 3596 paratissimus
709 3511 800 3579 Vram
819 3533 899 3577 sacr.
916 3532 997 3576 caes.
1015 3533 1080 3596 reg.
1097 3511 1193 3576 Mrem
1204 3512 1277 3578 sub-

144 3622 261 3687 levare.
272 3619 414 3686 Proinde
434 3622 460 3686 si
476 3619 541 3689 Vra
556 3643 636 3687 sacr.
653 3643 735 3686 caes.
751 3644 816 3706 reg.
835 3620 917 3685 Meas
933 3621 1122 3704 dignabitur
1138 3622 1276 3687 elemen-

146 3739 196 3795 ter
221 3751 372 3813 annuere,
400 3751 472 3794 cum
503 3729 634 3795 domina
654 3727 826 3798 Ohalriana
857 3751 947 3796 arces
979 3729 1098 3796 Satires
1131 3737 1164 3794 et
1189 3728 1275 3796 Zad-

145 3861 212 3922 uar,
239 3861 311 3903 oum
327 3839 408 3903 meis
424 3837 564 3922 propriis
580 3838 682 3921 bonis,
699 3843 798 3922 prout
813 3859 884 3904 cum
903 3837 1015 3902 eadem
1032 3840 1202 3904 convenire
1218 3861 1274 3924 po·

143 3953 224 4028 tero,
249 3946 454 4012 commutabo
480 3953 512 4012 et
538 3947 666 4013 easdem
693 3947 823 4013 domino
839 3945 1003 4011 Rakoczio
1020 3947 1054 4010 in
1070 3969 1275 4032 compensem

142 4055 287 4120 fidelium
312 4054 518 4120 servitiorum
533 4055 566 4120 in
582 4055 662 4123 Viae
679 4077 759 4120 saer.
779 4076 861 4121 caes.
877 4077 944 4139 reg.
960 4055 1035 4120 Mais
1061 4056 1200 4138 gratiam
1217 4057 1274 4121 im-

142 4185 315 4247 pensorum
331 4184 370 4228 ac
387 4163 607 4228 excessionise
623 4163 788 4247 provincia
805 4162 1059 4246 Trausylraniae
1075 4163 1186 4228 eodem
1203 4164 1274 4230 iure

142 4293 207 4354 quo
233 4273 304 4355 ipsa
328 4270 488 4336 hactenus
513 4269 655 4338 obtinuit
680 4271 816 4338 fatebor.
834 4269 907 4354 Quo
925 4293 1001 4336 sane
1018 4271 1272 4337 cumulatissime

142 4380 222 4446 satis
247 4379 353 4444 factus
368 4379 463 4444 iussis
479 4401 517 4444 ac
532 4381 663 4445 monitis
679 4380 759 4448 Vuae
776 4402 856 4446 sacr.
874 4401 956 4445 caes.
973 4401 1037 4462 reg.
1054 4379 1130 4444 Meis
1156 4380 1271 4446 lubens

140 4487 378 4572 facillimusque
402 4487 547 4572 patebat.
573 4487 645 4554 Nec
670 4489 760 4554 aliud
786 4487 989 4554 desideratur
1015 4509 1112 4571 quam
1143 4494 1181 4554 ut
1206 4488 1271 4556 Vra

141 4617 223 4662 sacr.
240 4617 322 4662 caes.
342 4618 409 4680 reg.
425 4595 508 4661 Meas
524 4603 594 4663 tum
610 4599 714 4682 ipsum
731 4597 896 4663 dominum
919 4595 1119 4662 Rakoczium
1137 4601 1207 4662 tum
1222 4617 1272 4662 re-

141 4705 287 4789 gnieolas
312 4704 450 4792 benigne
477 4712 686 4792 commoveat,
710 4713 748 4772 ut
780 4727 857 4773 suae
882 4705 917 4772 in
936 4726 987 4770 me
1003 4703 1274 4776 clementissimae
