3042 5404
510 454 603 516 lsoa.
618 477 696 516 naon
713 453 767 515 20.
1137 445 1198 512 177

42 628 144 716 dum,
172 655 259 718 quos
277 635 348 700 sine
366 632 516 700 maximis
532 633 681 716 expensis
697 630 833 697 conduci
850 651 944 714 posse
959 651 1023 696 non
1039 629 1088 694 ita
1102 627 1198 696 facile

43 740 203 807 videtur.

169 865 263 932 Huic
272 865 460 933 difficultati
474 865 570 930 multi
586 863 775 930 satisfacere
791 885 825 929 se
844 869 970 949 putant,
994 863 1083 947 iique
1109 885 1201 950 prae-

46 973 186 1057 sertim,
211 976 268 1058 qui
286 977 334 1041 rei
350 973 511 1059 gerendae
527 995 594 1039 non
618 973 790 1056 intersunt,
806 995 846 1038 ex
862 972 1044 1039 redditibus
1059 977 1093 1037 et
1108 991 1202 1037 exso

48 1081 209 1147 tionibus
233 1089 301 1148 tam
327 1083 423 1150 dictis
447 1082 632 1166 provinciae
648 1083 790 1147 externis
805 1081 965 1147 militibus
981 1079 1201 1146 conducendis

48 1209 113 1254 nos
131 1189 331 1256 commode.
347 1240 355 1255 .
371 1241 379 1255 .
394 1241 402 1255 .
419 1188 443 1276 ¹)
469 1195 502 1254 et
517 1189 662 1273 reliquos
678 1191 778 1255 etiam
801 1189 935 1255 bellicos
959 1195 1138 1274 apparatus
1154 1189 1200 1252 in-

50 1305 209 1382 struere;
225 1319 298 1364 cum
329 1317 463 1380 regnum
494 1295 557 1362 hoc
581 1317 708 1382 semper
731 1295 881 1364 habitum
906 1297 950 1362 sit
965 1303 1201 1363 commeatuum

51 1407 330 1490 reliquarumque
338 1425 447 1470 rerum
463 1406 719 1472 necessariarum
729 1407 809 1472 satis
824 1403 954 1471 habere.
970 1405 1051 1471 Fuit
1069 1403 1200 1489 quidem

53 1514 140 1580 olim
161 1516 243 1580 satis
268 1512 375 1596 dires3
390 1510 448 1578 sed
464 1535 549 1579 nunc
564 1513 619 1578 rix
634 1519 809 1599 supersunt
824 1513 942 1579 veteris
958 1513 1047 1579 illius
1064 1513 1198 1598 opulen-

55 1622 127 1687 tiae
155 1621 309 1704 vestigis3
334 1643 408 1686 oum
432 1619 500 1686 iere
525 1627 597 1687 tota
612 1622 701 1706 regio
717 1621 813 1706 ferro,
828 1623 902 1706 igne
918 1627 977 1688 aut
992 1623 1092 1688 etiam
1107 1627 1198 1707 peste

57 1731 102 1795 sit
128 1731 312 1797 devastate.
327 1727 465 1815 Reliqui·
485 1735 595 1796 tamen
620 1737 696 1797 sunt
720 1731 847 1816 aliquot
862 1731 1004 1812 nobiles;
1019 1729 1076 1796 sed
1091 1729 1200 1812 villici,

63 1838 123 1920 qui
133 1838 284 1904 redditus
299 1839 493 1922 instaurant,
503 1839 567 1904 iam
584 1841 767 1923 perierunt;
783 1837 929 1924 illudque
945 1859 1005 1924 pro
1021 1839 1200 1906 certissimo

60 1943 253 2011 habendum
269 1951 327 2028 est,
342 1945 523 2030 principem
546 1945 600 2010 rix
624 1967 719 2030 posse
744 1967 783 2011 ex
803 1953 874 2012 tota
889 1947 1055 2032 provincia
1071 1951 1200 2011 centnm

62 2053 172 2119 millia
195 2055 374 2120 talerorum
399 2073 597 2138 congregare
628 2075 688 2138 pro
719 2075 827 2120 annuo
843 2053 982 2120 redditu.
998 2053 1125 2121 Habita
1140 2053 1198 2138 igi-

16 2251 17 2256 *
62 2163 119 2224 tur
135 2163 260 2228 ratione
277 2163 369 2244 lucri,
385 2161 428 2228 ad
443 2163 602 2228 trutinam
617 2161 823 2228 reducendae
838 2167 915 2229 sunt
930 2183 1099 2247 expensae,
1116 2183 1197 2246 quas

64 2267 98 2332 in
115 2270 287 2337 retinenda
301 2270 364 2335 hoo
387 2271 555 2354 provincia
571 2269 729 2336 Maiestas
745 2269 867 2338 Vestra
883 2269 989 2354 faciet,
1007 2275 1040 2336 et
1055 2291 1199 2354 praeser-

16 2405 18 2410 ·
66 2375 127 2439 tim
143 2376 204 2442 hoo
219 2399 306 2443 anno
322 2375 428 2444 tribus
445 2376 606 2462 capitibus
618 2378 834 2460 continentur,
854 2379 979 2443 arcium
995 2379 1090 2444 statis
1106 2397 1199 2462 prse-

67 2482 165 2568 sidiis,
188 2485 345 2551 castrensi
369 2485 473 2550 milite
498 2489 532 2550 et
547 2485 700 2567 exercitu,
724 2489 762 2550 ut
786 2485 889 2569 possit
904 2481 1084 2551 confinibus
1099 2483 1199 2551 hosti·

67 2589 130 2656 bus
151 2595 319 2673 resistere;
351 2614 424 2658 cum
458 2592 556 2658 etiam
588 2597 704 2658 contra
736 2593 997 2676 potentissimum
1017 2589 1198 2658 Tmcerum

71 2701 251 2784 exercitum,
277 2701 305 2765 si
330 2699 415 2765 forte
440 2699 474 2764 in
500 2697 585 2764 huno
610 2700 774 2784 regionem
800 2721 876 2766 suas
900 2721 1011 2766 omnes
1037 2703 1120 2766 vires
1135 2699 1198 2766 hoo

72 2827 154 2872 anno
169 2813 355 2874 convertere
380 2811 514 2891 statuat,
539 2828 692 2892 pugnare.
718 2805 853 2874 Ecirca
868 2807 1018 2893 primum,
1036 2829 1108 2874 curn
1125 2807 1198 2874 sub·

71 2911 129 2980 diti
142 2917 195 2982 isti
210 2917 278 2981 sint
302 2915 481 2982 renitentes
506 2920 540 2980 et
554 2913 639 2980 male
656 2911 773 2998 affecti,
790 2915 868 2980 licet
883 2915 948 2981 alio
964 2915 1058 2982 hoste
1075 2936 1199 2982 carere·

72 3041 146 3106 mus,
162 3023 313 3108 expediet
327 3023 496 3089 Maiestati
505 3021 646 3090 Vestrae
655 3023 689 3088 in
704 3022 767 3089 hac
782 3023 914 3106 regione
931 3023 1071 3108 aliquem
1087 3043 1197 3088 nume·

74 3149 140 3195 rum
155 3137 339 3197 exterorum
364 3131 503 3196 militum
528 3151 655 3215 semper
673 3129 793 3196 habere
813 3129 855 3196 ad
871 3131 960 3196 mille
976 3131 1091 3196 saltem
1107 3129 1196 3215 pedi·

74 3236 121 3320 tis,
135 3245 201 3304 tum
217 3237 261 3304 ad
276 3239 484 3305 castellorum
510 3239 674 3324 praesidia
698 3238 868 3324 explenda,
884 3261 957 3305 oum
973 3239 1089 3306 saltem
1106 3239 1198 3325 quin-

75 3349 154 3426 genti
163 3347 219 3432 qui
230 3347 391 3431 capitanei
410 3347 570 3431 generalis
589 3349 713 3432 stipent
722 3369 904 3432 personam,
915 3353 948 3414 et
957 3348 1046 3414 mille
1063 3349 1197 3434 equites,

75 3459 108 3518 ut
115 3457 249 3542 utrique,
259 3476 461 3541 quocumque
472 3477 541 3522 sese
556 3455 670 3522 offeret
685 3457 811 3524 occasio
828 3464 861 3522 et
876 3459 1050 3523 necessitas
1066 3461 1197 3541 praesto

76 3579 136 3627 esse
150 3563 293 3648 possint;
317 3564 410 3648 isque
425 3565 565 3632 militum
581 3587 734 3632 numerus
750 3565 803 3631 vir
812 3561 976 3630 sufficiens
993 3585 1062 3630 esse
1078 3568 1200 3662 posset,

76 3666 142 3736 dum
158 3669 364 3738 Transilsani
380 3671 504 3756 aliquid
521 3673 594 3740 novi
620 3673 722 3738 velint
737 3673 853 3740 moliri.
870 3671 999 3738 Horum
1015 3677 1124 3738 tumen
1140 3671 1198 3736 mi·

76 3773 159 3844 litum
173 3778 337 3864 stipendia
361 3799 420 3863 pro
445 3779 593 3866 quolibet
617 3801 725 3846 mense
750 3780 887 3864 triginta
902 3779 1040 3846 millium
1066 3777 1197 3844 tallero·

76 3903 137 3951 rum
151 3909 309 3954 summam
326 3887 469 3973 explicit,
485 3885 720 3973 conficientque
735 3889 769 3954 in
789 3909 908 3954 annum
926 3891 990 3953 360
1007 3886 1086 3952 mill.
1102 3885 1196 3952 talle-

78 4011 173 4061 rornm
188 3996 365 4062 excedente
381 3995 545 4063 redditum
556 4017 696 4083 expensa
711 3996 754 4063 ad
771 4001 836 4062 250
852 3997 931 4062 mill
948 3995 1148 4063 tallerorum.

172 4138 269 4207 Circa
285 4145 484 4208 castrensem
498 4141 594 4208 huius
610 4142 688 4210 anni
708 4146 903 4226 apparatum
919 4139 962 4208 ad
977 4160 1104 4206 omnem
1121 4161 1197 4206 oau-

79 4245 164 4312 telam
178 4249 359 4316 necessario
376 4256 462 4317 esset
477 4251 606 4336 aliquae
622 4251 819 4336 praeventio,
835 4249 961 4316 scilicet
975 4251 1002 4314 si
1020 4247 1199 4332 expeditio·

79 4371 139 4419 nen
154 4363 311 4440 oportune
327 4363 442 4425 contra
466 4357 642 4426 Temesvar
667 4364 726 4426 aut
739 4357 766 4424 J
767 4358 856 4424 ulam
872 4363 1082 4440 tentaremus,
1098 4356 1199 4440 idque

176 4591 194 4650 ¹)
206 4591 229 4639 Ε
242 4591 376 4655 pontoneis
390 4607 422 4643 az
435 4593 560 4660 egykoru
573 4595 683 4646 irstban
697 4595 721 4645 is
734 4608 860 4660 megvan.

125 4745 214 4800 nuens
225 4749 401 4804 erasmum
415 4751 537 4794 unieret.
549 4755 576 4796 v.
