3062 5414
511 519 604 572 1602.
619 521 678 575 adn.
705 519 754 574 13.
1142 513 1203 576 127

82 697 164 754 certa
181 691 341 774 quaedam
358 712 378 754 a
403 689 533 754 domino
550 688 718 772 Stephano
734 688 861 755 Ohakio
887 691 1010 774 scripta
1026 691 1139 774 tribus,
1155 693 1204 756 uti
1287 712 1291 720 ·

81 797 231 880 existimo,
257 798 381 863 vicibus
406 797 441 860 in
465 817 500 860 re
517 819 583 861 non
608 797 699 880 parri
724 799 879 862 momenti
906 799 1096 882 acceperim,
1121 820 1205 883 quae

81 925 198 988 semper
213 928 353 971 unacum
370 905 586 970 translatione
603 905 637 969 in
663 907 799 970 latinum
816 927 996 972 sermonem
1012 905 1055 972 ad
1071 908 1206 972 eandem

80 1015 217 1094 permitti
233 1015 470 1080 studiosissime
487 1015 605 1078 curavi.
622 1011 749 1098 Quibus
772 1016 921 1098 equidem
938 1016 1087 1081 omnibus
1103 1023 1207 1081 caete-

81 1119 183 1203 risque
198 1121 411 1186 illustrissimi
437 1121 560 1186 domini
577 1119 714 1204 Georgii
730 1119 853 1186 Baetae
869 1143 966 1206 super
981 1121 1093 1186 eodem
1110 1145 1207 1206 nego·
1305 1169 1313 1178 -

83 1228 123 1291 tio
139 1230 269 1313 scriptis
289 1229 438 1313 cognitis,
465 1229 612 1312 benignis
635 1230 702 1294 suis
728 1229 848 1294 litteris
873 1228 1002 1312 Prsgae
1027 1237 1119 1296 sexta
1135 1253 1207 1316 pro-

81 1335 159 1400 xime
175 1339 346 1421 praetoriti
361 1339 480 1402 mensis
495 1337 521 1402 J
523 1339 589 1403 unii
606 1337 765 1402 emanatis
790 1338 869 1420 quid
885 1337 965 1402 mibi
981 1337 1154 1420 mandarit,
1171 1347 1208 1404 ut

3 1473 5 1476 ·
81 1444 110 1506 in
127 1465 164 1508 eo
179 1447 262 1509 tanti
277 1447 434 1512 momenti
451 1446 581 1529 negotio
598 1445 743 1511 studium
759 1445 995 1528 consiliumque
1010 1467 1117 1512 meum
1134 1469 1208 1512 cum

82 1551 292 1619 illustrissimo
319 1553 449 1620 domino
475 1553 580 1620 Basta
605 1555 833 1638 coniungerem
850 1576 888 1618 ac
903 1553 999 1619 fidem
1015 1555 1050 1619 in
1066 1563 1207 1621 vestram

83 1680 158 1725 sacr.
172 1659 382 1726 Maiestatem
407 1661 469 1726 hao
487 1663 659 1745 praeclara
683 1663 853 1728 occasione
876 1661 1015 1747 probare
1031 1685 1208 1747 pergerem,

3 1855 4 1860 γ
84 1765 213 1834 demisse
237 1771 349 1854 accepi
375 1775 475 1853 atque
502 1769 659 1836 intellexi.
684 1770 725 1835 In
741 1771 782 1836 iis
798 1771 910 1854 itaque
926 1770 1022 1837 rebus
1039 1770 1209 1854 'franssyl-

83 1876 198 1940 rauicis
214 1875 377 1960 quidquid
392 1877 516 1961 publici
532 1877 611 1943 boni
621 1878 841 1962 utilitatisque
857 1899 955 1942 causa
971 1877 1120 1962 diligenti
1137 1900 1208 1944 meo

84 1982 186 2048 studio
202 1982 331 2050 efficere
355 1985 459 2069 potui,
484 1985 518 2049 in
536 2007 574 2051 eo
599 1985 736 2052 multum
754 2007 814 2070 pro
830 2007 902 2052 meo
918 2007 1012 2070 posse
1029 1985 1209 2069 diligentis-

85 2092 159 2156 sime
182 2092 337 2159 laboravi.
362 2091 459 2158 Nunc
484 2115 559 2160 vero
576 2094 682 2160 denuo
698 2093 821 2160 domini
857 2093 985 2179 (lhialxy
1002 2095 1144 2160 eiusdem
1161 2095 1207 2159 rei

84 2201 186 2282 gratia
200 2203 341 2286 scriptas
365 2201 407 2267 ad
432 2223 483 2266 me
508 2202 621 2268 literas
646 2225 786 2268 unacum
811 2203 1081 2286 interpretatione
1106 2203 1209 2267 latina

84 2305 132 2370 bic
146 2315 271 2375 restrae
289 2331 370 2376 sacr.
395 2309 565 2378 Maiestati
596 2311 792 2394 transmitto,
815 2309 1029 2394 gratulorque
1045 2331 1084 2375 ex
1100 2311 1209 2374 animo

85 2416 165 2496 quod
181 2419 282 2484 tantis
298 2419 366 2484 suis
381 2419 547 2502 promissis
562 2440 665 2503 nuper
680 2417 858 2486 Posonium
875 2419 916 2484 ad
927 2439 976 2483 me
993 2419 1123 2502 scriptis
1140 2423 1210 2482 tan·

85 2521 152 2588 dem
167 2523 353 2590 fidelissime
368 2547 428 2609 pro
443 2531 520 2592 voto
535 2525 723 2592 Maiestatis
738 2533 866 2592 vestrae
882 2526 1083 2608 satisfecerit,
1101 2547 1210 2610 qnem-

85 2630 253 2699 admodum
288 2637 437 2702 existimo
463 2635 609 2704 eandem
632 2657 672 2700 ex
706 2635 826 2700 litteris
851 2635 1063 2700 illustrissimi
1088 2633 1210 2700 domini

85 2735 181 2804 Basta
196 2739 299 2808 fusius
314 2744 512 2809 intellexisse
527 2744 592 2808 iam
609 2741 748 2808 dudum:
776 2743 883 2807 laetor
898 2749 1068 2826 praeterea
1084 2765 1123 2806 ex
1140 2763 1210 2826 syn-

3 2913 4 2920 ,
86 2867 153 2911 cero
170 2849 276 2932 corde,
302 2851 391 2934 quod
416 2851 548 2916 tandem
573 2851 636 2934 ipsi
653 2849 905 2934 Transylvaniae
931 2850 1057 2916 incolae
1073 2855 1124 2915 tot
1140 2857 1208 2914 tan·

85 2953 184 3038 tisqne
200 2956 474 3041 perfidiosissimis
492 2957 656 3023 erroribus
672 2958 739 3022 suis
755 2958 983 3021 renunciantes
999 2957 1209 3022 Maiestatem

3 3061 5 3136 }
85 3069 217 3128 rostram
243 3087 370 3130 sacram
394 3087 454 3150 pro
470 3087 546 3130 vero
572 3065 787 3148 clementique
807 3065 949 3148 ipsorum
967 3063 1096 3128 domino
1113 3085 1210 3145 ragno·

3 3191 4 3196 ¹
85 3171 190 3254 verint,
206 3195 323 3257 resque
349 3179 416 3238 tam
441 3173 547 3258 gravis
571 3180 639 3238 tam
664 3172 810 3238 loelicem
837 3177 1088 3254 exoptatumque
1113 3171 1209 3236 linem

3 3275 4 3352 ζ
86 3285 177 3361 atque
193 3282 313 3346 exitum
330 3281 449 3364 adepta
464 3281 515 3344 sit
528 3279 623 3345 Facit
648 3279 940 3362 deusomnipotens
954 3285 991 3343 ut
1002 3279 1081 3342 baec
1099 3281 1208 3360 omnia

3 3371 5 3418 ³
87 3386 124 3448 ad
139 3389 274 3470 gloriam
290 3389 428 3452 nominis
443 3389 493 3452 sui
509 3387 751 3470 utilitatemque
777 3387 920 3451 omnium
947 3385 1209 3452 christicolarum

87 3494 349 3580 splendoremque
365 3519 445 3562 sacr.
461 3495 648 3560 Maiestatis
667 3501 792 3559 restrae
809 3516 877 3558 esse
894 3501 1024 3576 (puerunt
1041 3493 1207 3576 Quantum

3 3665 4 3690 ,
88 3621 156 3667 vero
173 3605 355 3686 quaesitum
381 3603 501 3668 domini
528 3602 655 3686 (ilrialry'
673 3601 846 3683 concernit,
863 3623 905 3664 an
923 3601 1085 3682 legatione
1101 3600 1142 3664 ad
1160 3624 1209 3665 ve-

89 3714 182 3774 slram
199 3710 407 3776 Maiestatem
432 3709 521 3794 lungi
537 3709 663 3791 (lateat,
685 3710 718 3773 in
736 3731 801 3792 qua
817 3707 1001 3791 opinionem
1026 3708 1209 3772 consilium·

3 3865 5 3908 ,
90 3838 144 3898 que
160 3841 263 3884 mcum
290 3821 444 3903 exposcit,
461 3841 520 3902 ego
538 3819 640 3884 eidem
660 3817 791 3883 domino
808 3815 913 3882 Olralri
930 3817 1041 3880 statim
1058 3817 1209 3900 rescripsi

89 3931 122 3986 ut
136 3947 230 4010 super
244 3927 307 3992 boc
332 3927 504 4010 benignam
530 3949 556 3992 r.
574 3925 760 3990 Maiestatis
785 3923 984 3988 voluntatum
1013 3925 1211 4008 perscripta

3 4085 4 4100 2
90 4033 230 4098 celeriter
245 4036 435 4100 transmissa
458 4036 645 4118 praesciret,
671 4037 814 4116 putoque
840 4030 975 4094 eundern
1001 4030 1034 4094 id
1050 4031 1210 4096 lecturum

3 4153 6 4216 ,
91 4141 161 4207 lore.
177 4142 330 4210 Vestram
346 4165 427 4209 sacr.
439 4143 646 4208 Maiestatem
657 4139 815 4206 foeliciter
825 4140 932 4204 valere
944 4145 1069 4221 exopto.
1087 4139 1210 4204 llatum

3 4313 5 4336 ,
92 4269 126 4312 ex
141 4273 212 4318 arce
227 4251 429 4336 Kys-Vardo
448 4257 497 4316 13.
514 4251 565 4315 die
581 4249 605 4314 J
609 4251 667 4314 ulii
687 4253 781 4314 1602.

3 4347 5 4374 i
191 4359 345 4426 Eiusdem
363 4381 443 4424 sacr.
459 4381 540 4424 caes.
557 4359 710 4440 regiaque
728 4356 914 4420 Maiestatis
934 4361 1058 4420 vestrae

687 4465 819 4530 humilis
834 4487 873 4528 ac
889 4463 994 4528 fidelis
1010 4464 1158 4530 subditus

746 4573 871 4637 Paulus
888 4569 992 4655 Niary
1009 4595 1089 4656 mpr.

192 4695 310 4751 Killa-etna
321 4695 417 4752 :Sacc
434 4711 505 4751 caes.
523 4711 580 4764 reg.
597 4692 741 4748 Maiestati
758 4697 811 4747 etc.

262 4805 418 4874 (Eredetije
433 4822 451 4857 a
466 4801 542 4858 becsi
559 4803 624 4858 udv.
641 4802 716 4856 kam.
734 4799 856 4855 ltdrban.
875 4799 947 4854 Sieb.
967 4793 1048 4886 Urlr.)
