3042 5404
453 493 458 498 1
502 549 596 606 1604.
611 569 671 607 uss.
691 552 740 608 12.
1121 547 1185 610 243

71 723 207 804 praestiti
223 722 398 788 iuramenti
414 721 617 788 immemores
634 719 764 788 anobis
781 721 823 790 ad
839 721 949 790 hostes
964 729 1093 792 nostros
1108 725 1193 791 dele·

1 815 2 890 ξ
71 837 175 897 cerunt
200 839 234 898 et
249 831 474 914 discesserunt,
488 853 595 916 poena
611 837 644 898 ot
658 832 783 898 mulcta
797 832 925 917 legibus
941 837 974 899 et
990 834 1194 900 consuetudi-

1 987 2 1004 i
70 940 155 1006 nibus
179 942 359 1007 constituta
383 947 418 1006 et
442 941 577 1026 sancita,
601 942 711 1026 potius
727 941 998 1026 animaduertere,
1015 965 1113 1028 quam
1129 943 1187 1009 ali·

1 1108 2 1140 ,
71 1048 141 1132 quid
169 1051 248 1134 ipsis
279 1050 446 1133 ignoscere
476 1055 536 1114 aut
566 1051 734 1116 remittere
765 1051 948 1134 debeamus,
980 1053 1069 1136 quod
1083 1057 1193 1117 tamen

71 1157 296 1241 supplicatione
322 1163 356 1223 et
380 1155 618 1242 deprecatione,
643 1157 742 1222 immo
770 1157 969 1225 confessione
993 1159 1126 1245 publica
1150 1157 1193 1224 N.

1 1257 2 1301 3
71 1287 126 1349 qua
149 1286 217 1330 sese
242 1266 346 1330 uitam
371 1269 405 1330 et
429 1265 539 1330 omnia
563 1263 650 1331 bona
668 1287 728 1330 sua
742 1267 888 1332 amisisse
905 1266 1070 1333 consessus
1085 1271 1143 1348 est,
1161 1271 1194 1331 et

71 1372 265 1439 clementiam
290 1379 435 1438 nostram
461 1373 660 1457 implorauit,
675 1374 847 1440 intellecta
863 1380 896 1439 et
912 1375 1074 1458 exaudita,
1090 1373 1194 1440 eidem

1 1489 2 1562 ξ
72 1479 147 1546 bane
169 1483 317 1566 gratiam,
342 1487 381 1547 ut
396 1487 548 1566 quartam
564 1487 691 1566 partem
707 1484 913 1566 propriorum
929 1483 1086 1550 hacteuus
1102 1483 1193 1548 habi-

1 1581 2 1662 }
73 1595 168 1655 torum
187 1597 220 1655 et
235 1611 456 1674 possessorum
475 1589 644 1672 bonorum,
659 1591 800 1674 pecunia
815 1599 913 1674 certa,
929 1613 1027 1676 quam
1044 1589 1193 1656 commis·

1 1729 2 1736 κ
74 1699 140 1762 sarii
154 1700 257 1766 nostri
274 1697 509 1782 specificabunt
525 1697 710 1780 redimeret,
727 1703 760 1763 et
776 1697 893 1764 deinde
909 1703 976 1764 tam
993 1697 1194 1782 redemptam

1 1809 2 1812 ’
74 1813 196 1890 partem,
221 1829 319 1892 quam
345 1806 490 1890 reliquas
514 1812 582 1872 tres
598 1813 707 1890 partes
723 1806 881 1874 bonorum
898 1829 1029 1872 suorum
1046 1805 1193 1872 immobi-

74 1913 151 1994 lium,
169 1915 202 1980 in
218 1913 351 1980 seudum
367 1915 591 1996 masculinum,
607 1935 667 1998 pro
684 1936 753 1980 sese
771 1921 803 1980 et
834 1915 1029 1980 haeredibus
1044 1915 1111 1979 suis
1127 1935 1193 1978 ma·

76 2023 194 2088 septime
212 2023 372 2088 uniuersis
392 2023 563 2106 acciperet,
580 2021 714 2088 fecimus
731 2028 765 2087 et
774 2023 999 2090 concessimus.
1010 2022 1083 2088 Imo
1099 2043 1191 2109 prae·

77 2129 153 2196 dicto
169 2130 210 2197 N.
227 2137 260 2197 et
276 2129 471 2197 haeredibus
487 2131 554 2196 suis
571 2135 604 2194 et
619 2129 856 2196 successoribus
872 2131 1060 2196 masculinis
1077 2153 1116 2196 ex
1132 2151 1189 2196 suo

1 2258 2 2263 ¹
76 2259 196 2324 corpore
222 2245 256 2305 et
280 2261 320 2304 ex
344 2259 424 2306 uero
441 2245 475 2304 et
490 2237 637 2322 legitimo
668 2239 877 2304 matrimonio
892 2241 1072 2324 procreatis
1089 2243 1122 2303 et
1138 2237 1192 2302 de·

77 2347 301 2430 scandentibus,
327 2369 367 2412 ex
392 2352 482 2414 certa
506 2347 651 2428 scientia,
676 2347 785 2412 animo
802 2345 991 2428 deliberato,
1008 2367 1087 2411 sano
1104 2345 1146 2411 ad
1162 2344 1195 2410 id

78 2456 237 2522 accedente
263 2456 409 2538 consilio,
434 2477 472 2521 ac
497 2454 537 2520 de
562 2462 674 2520 nostra
691 2455 864 2540 potestatis
880 2454 1091 2538 plenitudiue,
1107 2453 1194 2519 bona

77 2585 219 2632 succum
244 2565 395 2631 omnibus
421 2565 487 2631 suis
512 2563 712 2630 utilitatibus
738 2563 792 2650 (itt
808 2591 828 2630 a
845 2567 996 2632 azolcdaoe
1012 2565 1195 2630 tartoze‘bol·

76 2677 192 2738 annuale
199 2671 402 2762 selsorolao)
418 2671 507 2738 hisce
523 2673 556 2737 in
573 2671 704 2737 laudum
720 2671 934 2737 masculinum
952 2671 1075 2754 damus,
1092 2669 1191 2736 dona·

75 2801 144 2864 mus,
167 2781 381 2862 concedimus,
406 2785 440 2846 et
464 2780 665 2862 inuestimus,
690 2779 790 2846 saluis
806 2785 915 2846 tamen
932 2781 1060 2862 nostris,
1076 2785 1110 2844 et
1125 2801 1194 2845 suo

77 2909 223 2956 musarum
255 2895 442 2956 nostrorum
473 2887 692 2972 legitimorum
724 2885 978 2972 'l'ransylvaniae
1009 2887 1191 2972 principum

2 3029 3 3054 u
78 2995 187 3064 iuribus
203 3003 237 3063 et
253 2995 546 3082 superioritatibus,
561 2996 671 3082 prouti
688 3015 817 3080 quoque
833 2995 1019 3080 praedictus
1034 2992 1076 3062 N.
1093 2993 1196 3060 fideli·

79 3107 145 3171 tatis
166 3108 382 3172 iuramentum
400 3107 574 3191 praestitit,
591 3109 624 3170 et
639 3125 709 3170 sese
726 3102 884 3188 obligauit
900 3105 1010 3170 omnia
1026 3125 1064 3170 ea
1081 3103 1193 3170 sedulo

3 3279 4 3288 ,
79 3211 171 3279 lucere
195 3222 227 3280 et
242 3219 419 3300 praestare,
451 3233 534 3297 quae
551 3212 754 3279 obedientem
771 3213 929 3278 vasallum
945 3217 1076 3278 nostrae
1093 3209 1196 3276 Maie-

3 3297 7 3342 t
80 3323 169 3404 statis,
178 3321 355 3388 haeredum
372 3327 406 3386 et
421 3339 641 3386 successorum
658 3325 842 3385 nostrorum
859 3319 1077 3403 legitimorum
1093 3317 1196 3384 Tran-

81 3429 227 3510 splvaniae
242 3429 427 3514 principum
443 3447 541 3512 agere
557 3433 591 3492 et
606 3433 771 3511 praestare
788 3426 882 3493 decet
899 3431 932 3492 et
948 3427 1109 3493 conuenit.
1126 3425 1196 3492 Ha·

3 3585 5 3602 i
80 3555 140 3602 rum
162 3539 357 3619 testimonio,
382 3557 464 3620 quas
487 3536 644 3620 impresso
663 3535 771 3618 sigillo
788 3535 907 3602 muniri
923 3534 1065 3620 lecimus,
1082 3535 1192 3600 litera·

82 3664 150 3712 run.
163 3645 338 3714 Dabuntur
353 3643 482 3730 Pragae
501 3647 550 3710 12.
566 3642 643 3710 Jan.
662 3647 756 3710 1604.

616 3822 649 3910 l²)

144 3959 262 4018 Husould
271 3959 493 4034 souulmwouy,
508 3959 578 4028 moly
593 3959 722 4014 mutatos
738 3975 757 4014 u
771 3959 941 4030 apotomae!
955 3960 1123 4031 mepepyeaile,

415 4053 479 4106 aaa
497 4070 516 4106 a
529 4051 732 4121 promniumbaa
750 4052 789 4104 ter
804 4053 848 4104 cl:

177 4165 244 4234 Nos
268 4167 463 4254 Rudolphue
482 4181 534 4234 etc.
550 4165 731 4232 Memoriae
756 4167 1017 4234 commendamus
1042 4181 1095 4234 stc.
1111 4163 1198 4252 quod

86 4292 135 4339 nos
149 4279 313 4344 attentatis
330 4283 364 4342 et
379 4275 593 4342 consideratis
608 4272 767 4340 fidelitate
784 4279 817 4340 et
832 4271 977 4341 fidelium
988 4277 1197 4342 seruitiorum

86 4385 193 4450 neritis
206 4383 311 4452 fidelis
326 4385 430 4452 nostri
446 4381 488 4450 N.
505 4405 588 4468 quaa
603 4381 852 4466 ipseMaiestati
869 4389 998 4450 nostrae
1016 4405 1088 4450 cum
1105 4383 1196 4466 alias,

87 4495 223 4561 tumuere
232 4495 327 4560 annis
341 4493 528 4579 praeteritis
543 4491 811 4576 inrecuperanda
827 4497 860 4557 et
876 4491 1079 4559 defendenda
1095 4491 1197 4558 Tran-

5 4609 7 4656 ὲ
88 4599 217 4682 sylnunia
234 4603 276 4669 ab
292 4599 478 4668 infidelibus
503 4606 633 4666 strenue
651 4605 684 4665 et
699 4603 887 4666 constanter
902 4603 1076 4686 praestitit,
1093 4605 1126 4666 et
1141 4601 1198 4666 im·

5 4753 7 4758 -
89 4713 234 4788 posterum
264 4713 431 4796 praestare
444 4709 605 4795 promisit,
637 4707 784 4774 uolentes
816 4729 888 4776 cum
919 4708 1141 4775 munificentia
1166 4711 1199 4771 ot
1233 4729 1236 4738 ’

1040 4835 1090 4886 16*
