3030 5416
341 479 408 544 954
706 491 826 540 uenturi
845 471 1100 540 oaszleerdinsnr.

447 653 575 724 Deinde
590 657 839 743 propugnacula
855 657 938 723 talia
953 655 1120 742 aedificiis,
1135 656 1235 724 rebus
1250 656 1472 722 tormentariis

340 770 373 830 et
398 765 531 848 bellicis,
556 765 693 849 aliisque
709 767 900 830 necessariis
917 763 1109 832 reficiantur
1125 770 1159 832 et
1173 767 1390 847 instruantur,
1405 766 1471 850 qui·

340 895 403 958 qne
429 873 471 940 ab
496 875 631 959 antiquo
656 874 742 942 soliti
769 880 855 957 sunt,
871 895 909 940 eo
926 876 1088 958 praestari
1104 875 1240 957 gratuiti
1257 875 1397 958 labores,
1412 875 1471 939 eri·

339 987 459 1066 gantur
483 987 517 1046 et
531 983 610 1048 illuc
625 987 866 1048 convertantur.

446 1087 658 1156 Gubernator
682 1096 794 1156 noster
810 1111 850 1156 ac
865 1091 1038 1166 consilium
1053 1090 1158 1156 maius
1175 1112 1306 1175 quoque
1322 1089 1423 1156 habet
1437 1091 1468 1155 in

338 1196 510 1281 mandatis,
529 1197 609 1282 quid
624 1219 698 1263 cum
714 1197 834 1266 Siculis
849 1196 1001 1266 fidelibus
1018 1203 1051 1264 et
1067 1197 1186 1264 deinde
1202 1199 1245 1264 ad
1261 1197 1367 1264 Zekel
1382 1197 1469 1283 Moy·

339 1327 395 1372 sen
405 1306 582 1391 transfugis
598 1307 760 1390 agendum
776 1308 828 1374 sit.
844 1307 903 1374 Illi
918 1312 957 1374 ut
970 1308 1174 1391 insistenter,
1190 1308 1334 1376 director
1349 1313 1384 1376 et
1399 1329 1468 1375 con-

337 1416 453 1482 siliarii
478 1417 582 1482 nostri
606 1415 792 1500 monebunt,
817 1417 915 1501 inque
940 1417 1003 1484 hoo
1028 1417 1116 1482 omni
1133 1417 1229 1483 modo
1246 1418 1422 1500 enitentur,
1436 1421 1468 1482 ut

337 1543 398 1607 pro
421 1523 657 1590 insurrectione
681 1522 875 1608 Siculorum,
900 1524 928 1590 si
953 1524 1116 1610 possibile,
1133 1531 1259 1590 eertum
1276 1525 1319 1590 ab
1335 1526 1402 1591 illis
1417 1547 1468 1590 an·

337 1653 437 1697 nuum
461 1631 648 1698 obtineatur
672 1630 860 1715 subsidium,
886 1629 929 1697 ad
954 1633 1233 1698 conservationem
1259 1631 1467 1700 confiniorum

338 1741 389 1807 rel
404 1741 543 1806 aliorum
558 1740 700 1806 militnm
714 1740 818 1824 magis
835 1741 1088 1808 exercitatorum
1104 1742 1369 1808 convertendum.

445 1845 551 1913 Simili
576 1846 672 1913 modo
699 1845 912 1930 conabuntur,
928 1851 967 1912 ut
982 1847 1179 1915 consuetudo
1195 1849 1255 1914 illa
1270 1854 1372 1934 vetus,
1387 1848 1467 1934 prin-

338 1957 441 2042 cipem
452 1960 485 2020 et
494 1954 620 2022 nobiles
629 1955 849 2038 ingredientes
864 1957 991 2040 aliquot
1007 1955 1077 2022 dies
1093 1957 1197 2040 gratis
1213 1956 1272 2023 sed
1286 1958 1392 2042 magis
1407 1955 1468 2020 suis

338 2066 484 2149 expensis
500 2062 688 2149 hospitandi
704 2069 737 2130 et
752 2063 870 2147 alendi,
887 2065 1042 2130 tollatur:
1060 2065 1275 2152 civitatesque
1292 2063 1467 2133 Saxonioac

338 2179 372 2238 et
397 2172 518 2258 oppida
543 2169 605 2237 hoe
625 2191 722 2236 onere
738 2170 926 2256 liberentur,
942 2172 1005 2238 hac
1020 2177 1131 2238 tamen
1147 2173 1343 2258 conditione,
1360 2179 1398 2239 ut
1412 2193 1466 2257 pro

337 2281 397 2346 tali
421 2281 575 2346 libertate
600 2301 742 2345 annuam
757 2279 851 2346 nobis
867 2285 925 2346 aut
941 2303 1089 2348 camerae
1104 2289 1237 2347 nostrae
1253 2283 1383 2348 solvant
1396 2301 1466 2366 pen·
1508 2287 1513 2299 ’

337 2389 466 2471 sionem,
477 2387 660 2472 sumptibus
670 2387 745 2472 illis,
761 2409 843 2472 quos
858 2387 939 2454 elias
955 2389 1098 2472 pendere
1113 2394 1314 2474 tenerentur,
1330 2409 1465 2474 aequan-

338 2494 421 2579 dam,
446 2502 484 2560 ut
508 2517 619 2561 earum
632 2495 799 2579 quaelibet
824 2495 888 2562 duo
914 2497 1095 2563 diversoria
1118 2497 1277 2582 aedificet,
1293 2505 1327 2566 et
1341 2519 1402 2584 pro
1417 2496 1467 2564 ad·

337 2603 546 2668 rentantibus
570 2602 766 2687 recipiendis
790 2605 964 2670 necesariis
989 2603 1261 2690 habitationibus,
1281 2607 1420 2674 stabulis
1435 2609 1465 2670 et

338 2708 510 2794 alimentis,
536 2715 671 2796 accepta
687 2711 729 2777 ab
744 2711 823 2796 ipsis
842 2711 1094 2778 adventantibus
1110 2733 1215 2796 aequa
1231 2713 1403 2799 solutione,
1422 2715 1464 2778 in·

338 2822 464 2884 structa
482 2825 656 2884 conservet

446 2925 593 2994 Audiant
618 2929 715 2994 etiam
742 2928 883 2995 director
900 2933 934 2994 et
950 2931 1127 2996 consiliarii
1143 2933 1250 2998 nostri
1266 2954 1382 2998 causas
1397 2953 1463 3017 par·

336 3039 418 3105 tium
428 3039 462 3104 in
477 3037 574 3104 rebus
588 3037 675 3105 bona
691 3059 837 3105 camerae
853 3045 983 3106 nostrae
1000 3040 1273 3106 concernentibus
1289 3047 1323 3107 et
1339 3041 1475 3108 easdem·

337 3169 409 3213 cum
424 3147 510 3213 bono
526 3147 671 3212 examine
687 3148 837 3233 iustoque
852 3147 974 3212 indicio
990 3147 1187 3214 discernant

443 3253 674 3339 Perceptorem
698 3260 912 3339 proventuum
937 3260 1124 3321 nostrorum
1150 3257 1199 3322 vel
1223 3257 1402 3324 solutorem
1425 3256 1462 3323 ob

336 3369 550 3431 monstratam
574 3361 672 3428 fidem
697 3368 730 3428 et
752 3363 948 3430 industriam
966 3361 1146 3448 Georgium
1161 3365 1281 3430 Reichl
1297 3365 1461 3434 eonstitui-

336 3493 417 3557 mus,
448 3469 634 3538 adiuncturi
663 3471 726 3555 ipsi
757 3471 1013 3538 contrascribam
1045 3477 1079 3536 et
1108 3472 1359 3540 instructionem
1389 3474 1463 3560 ipsis

337 3580 529 3666 expedituri.

443 3687 493 3755 Hi
502 3709 577 3756 vero
587 3683 785 3755 tenebuntur
794 3686 972 3753 secundum
982 3686 1129 3754 ordinem
1145 3687 1224 3773 ipsis
1241 3687 1355 3756 datum
1371 3711 1463 3776 super

337 3798 486 3864 omnibus
496 3801 529 3862 et
538 3797 673 3881 singulis
688 3795 899 3880 proventibus
914 3818 935 3862 a
950 3817 985 3861 se
999 3796 1164 3880 perceptis
1180 3797 1381 3881 quietantias
1390 3799 1462 3864 dare

338 3913 544 3974 eteasmanu
553 3929 612 3974 sua
621 3906 824 3974 subscribere
834 3929 872 3974 ac
882 3907 978 3972 simul
995 3929 1068 3973 cum
1077 3908 1157 3992 ipsis
1167 3909 1330 3993 perceptis
1338 3911 1374 3975 in
1384 3908 1462 3977 ordi·

337 4039 412 4084 nem
428 4039 521 4084 suum
530 4017 685 4102 redigere,
695 4037 800 4102 neque
819 4023 929 4083 tamen
945 4016 1070 4102 aliquid
1086 4039 1106 4083 a
1122 4039 1286 4103 quoquam
1300 4021 1462 4105 percipere

338 4124 465 4211 debent,
481 4127 544 4192 nisi
558 4125 649 4211 prius
666 4125 797 4190 eaedem
814 4125 1014 4210 quietantiae
1024 4145 1123 4190 manu
1137 4127 1287 4208 magistri
1303 4129 1461 4194 rationum

337 4235 458 4301 fuerint
483 4235 693 4318 subscriptae,
718 4233 774 4317 qui
800 4233 950 4299 similiter
968 4233 1020 4298 his
1047 4233 1222 4317 specialem
1237 4255 1331 4300 suum
1347 4234 1460 4302 librum

336 4343 466 4426 habeat,
476 4363 541 4427 quo
550 4342 643 4408 nobis
652 4339 738 4407 bona
753 4347 786 4406 et
801 4340 927 4426 liquide
941 4342 1027 4407 ratio
1043 4341 1083 4407 de
1100 4341 1248 4407 omnibus
1263 4343 1387 4408 nostris
1396 4362 1461 4428 pro

336 4449 485 4517 rentibus
505 4450 577 4516 dari
591 4451 703 4534 possit.

444 4559 507 4626 Est
526 4563 636 4624 autem
652 4557 734 4626 haec
748 4558 833 4624 seria
849 4557 1001 4626 voluntas
1017 4562 1139 4641 nostra,
1156 4561 1193 4624 nt
1208 4556 1315 4624 dictae
1330 4579 1460 4643 proven·

337 4674 430 4737 tunm
446 4689 485 4734 ac
499 4665 684 4734 reddituum
702 4688 967 4753 quorumcunque
982 4667 1208 4751 perceptiones
1224 4666 1388 4734 anemius
1404 4667 1460 4734 alio
