3062 5414
322 501 385 564 116
696 515 815 561 aarum
830 513 1082 566 ousrtsorttutsuu.

425 686 538 754 Jequet.
554 685 596 740 En
612 704 630 740 a
647 685 697 742 26.
714 683 793 742 sztm
808 686 882 742 alatt
896 687 1006 742 kuzlutt
1021 683 1218 745 Mariettiddle
1234 686 1365 746 levdlneh
1380 691 1435 745 mel·
1525 669 1526 674 ἵ

319 771 433 843 lettere,
449 773 557 847 melyro
573 774 716 846 magtbau
732 795 750 832 a
765 773 898 832 levdlben
914 777 938 832 is
957 795 1014 834 van
1033 775 1211 838 hivcukozts.

588 934 725 1008 (Misolat
740 955 757 993 a
773 934 850 994 beeri
866 955 904 996 cs.
927 939 992 996 titlr.
1015 940 1048 998 lt.
1071 936 1180 1013 Hung.)

833 1161 933 1234 XVI.

726 1329 820 1392 roca
844 1325 985 1412 majus
1009 1330 1039 1393 4.

319 1496 415 1568 apua
430 1496 484 1551 Per
513 1495 731 1568 uas-capace·
755 1515 774 1550 a
793 1496 995 1642 wanda
1013 1497 1102 1570 aaa
1125 1500 1218 1556 [aaa
1242 1501 1302 1558 aaa
1310 1503 1439 1572 scemeca
1525 1485 1526 1496 '

816 1587 822 1600 '
876 1587 943 1657 polrr
961 1589 978 1643 l.

427 1737 621 1825 Spectabilis
637 1761 676 1807 ac
690 1740 860 1828 magnifice
885 1743 1013 1810 domine
1029 1743 1091 1810 stb.

427 1847 622 1934 Spectabilis
633 1854 666 1914 et
682 1849 855 1935 magnifica
871 1851 1049 1918 dominatio
1059 1852 1257 1920 vestramne
1267 1855 1301 1920 in
1311 1859 1439 1924 mentem
1519 1909 1526 1936 κζ

319 1980 471 2025 revocare
495 1961 605 2044 potest
629 1979 680 2023 me
713 1957 847 2025 Posonii
872 1961 1069 2026 mentionem
1103 1959 1216 2028 fecisse
1247 1960 1440 2048 Stephanum

320 2066 435 2153 Ohaky
458 2089 562 2152 nuper
586 2067 667 2134 mihi
692 2089 842 2134 exarasse
867 2067 1105 2154 Transylvania
1130 2069 1289 2153 quasdam
1314 2071 1440 2152 litteras
1524 2097 1526 2114 2

320 2197 401 2260 quas
418 2175 522 2241 eidem
538 2176 691 2242 continuo
707 2177 912 2259 remiseram
938 2197 976 2242 eo
992 2181 1071 2241 tunc
1086 2177 1305 2244 illustrissimo
1321 2179 1440 2246 domino

319 2283 404 2350 Peon
420 2283 677 2351 Bartholomaeo
704 2285 803 2350 etiam
819 2284 949 2350 litteras
965 2305 1134 2369 exarasse;
1158 2283 1292 2352 tandem
1308 2307 1366 2371 ego
1381 2307 1441 2351 rur·
1525 2315 1526 2320 ¹

319 2414 373 2459 sus
389 2413 556 2477 persuum
581 2392 770 2457 servitorem
794 2392 945 2476 rescripsi
970 2395 1004 2458 et
1018 2391 1123 2457 modis
1139 2392 1289 2458 omnibns
1304 2393 1440 2478 persuasi
1525 2391 1526 2444 l

318 2500 382 2566 hoc
391 2499 552 2565 modo:ut
562 2500 589 2564 si
600 2497 825 2583 Sigismundus
835 2499 984 2585 Bathory
993 2521 1051 2566 suo
1061 2501 1230 2584 proposito
1241 2502 1349 2566 animo
1360 2500 1440 2566 nullo
1524 2555 1526 2588 ὲ

320 2606 417 2674 modo
434 2605 611 2672 adhaerere
636 2604 892 2691 fidelitatemque
908 2607 1064 2691 praebere
1081 2629 1192 2673 sacrae
1217 2629 1299 2674 caes
1330 2610 1442 2694 regiae
1524 2623 1526 2658 ³

321 2734 385 2799 que
401 2713 565 2778 maiestati
584 2714 698 2798 nollet
723 2713 893 2781 confestim
917 2711 1103 2800 Stephanus
1128 2713 1243 2800 Ohalry
1266 2715 1346 2782 data
1361 2737 1442 2783 occa·
1523 2789 1525 2802 7

321 2823 411 2889 sione
427 2818 567 2906 abneget
581 2821 674 2887 illino
689 2843 724 2888 se
738 2822 845 2906 ipsum
862 2827 977 2888 etcum
986 2827 1056 2890 toto
1066 2843 1167 2908 regno
1184 2821 1441 2890 Traussiluaniae
1523 2901 1524 2904 Ἴ

322 2931 583 2998 adhaereatsuae
592 2930 757 2995 maiestati
767 2930 1164 3016 caesareaepraebeatque
1173 2929 1366 2996 fidehtatem
1374 2951 1443 3014 erga
1523 2941 1525 2950 ’

323 3061 415 3106 suam
430 3039 641 3120 maiestatem,
657 3039 777 3122 neipse
793 3038 1011 3104 sittantarum
1022 3037 1256 3105 discordiarum
1272 3042 1306 3104 et
1321 3045 1443 3105 conten·
1523 3025 1525 3080 3

321 3151 449 3215 tionum
463 3146 627 3232 inculpa
653 3145 745 3213 Deua
770 3148 855 3213 enim
881 3148 1023 3232 optimus
1038 3147 1198 3213 maximus
1222 3168 1282 3233 pro
1306 3147 1443 3232 periurio
1523 3155 1525 3236 ᾗ

320 3257 481 3322 neminem
515 3255 743 3340 amplectitur,
776 3256 990 3340 maximisque
1015 3255 1185 3321 calumniis
1215 3255 1331 3340 punire
1361 3255 1444 3334 solet¹

320 3363 430 3449 Quare
445 3386 531 3430 nuno
556 3370 645 3431 corto
670 3364 751 3430 mihi
775 3365 915 3431 relatum
940 3369 990 3430 est
1014 3362 1217 3450 Stephanum
1243 3361 1361 3450 Ohaky'
1377 3383 1443 3429 oum

318 3475 389 3560 ipso
406 3471 612 3556 Sigismundo
628 3471 818 3539 Bathoraeo
843 3473 926 3538 inire
942 3473 1034 3538 litem
1050 3477 1084 3537 et
1099 3471 1294 3538 discordiam
1310 3471 1353 3537 oh
1369 3491 1445 3537 eam·
1523 3467 1524 3470 ’

319 3602 383 3667 que
398 3601 467 3646 rem
483 3580 625 3646 celerare
641 3579 806 3646 dominum
822 3578 960 3646 Baetem
976 3577 1253 3645 Transsilvaniam
1268 3579 1379 3661 aiunt;
1395 3575 1445 3642 sed
1523 3577 1524 3584 ’

318 3692 404 3757 inter
420 3690 558 3757 duorum
582 3689 781 3773 ligitantium
798 3687 884 3773 (sic)
911 3689 1092 3773 qualisnam
1111 3686 1296 3753 adhaeserit
1312 3693 1346 3752 et
1361 3706 1445 3772 prae

318 3799 428 3865 buerit
458 3795 650 3863 fidelitatem
681 3818 760 3881 erga
792 3817 871 3862 eaor.
903 3818 985 3863 caes
1016 3797 1204 3880 regiamque
1234 3793 1445 3876 Maiestatem,

318 3907 442 3990 ignoro.
458 3903 494 3971 Si
509 3905 611 3988 igitur
635 3901 836 3989 Stephanum
861 3903 978 3990 Ohak'y*
995 3903 1111 3970 Turois
1126 3903 1312 3969 adhaesisse
1326 3901 1446 3969 intelle·

319 4033 406 4095 xero,
423 4031 482 4096 ego
498 4011 567 4076 ullo
582 4031 725 4094 unquam
735 4017 884 4096 tempore
893 4013 1029 4078 ulterius
1038 4031 1137 4096 penes
1151 4011 1244 4076 illum
1258 4011 1446 4076 industriam

319 4141 425 4186 meam
440 4118 586 4202 navab03
602 4119 629 4184 si
654 4125 762 4185 autam
789 4115 1074 4205 (quemadmodum
1091 4139 1150 4203 ego
1166 4118 1216 4184 illi
1231 4117 1335 4184 modis
1352 4118 1446 4184 omni·

318 4229 379 4294 bus
394 4223 555 4314 persuasi)
566 4226 714 4292 adhaesit
724 4232 757 4292 et
764 4227 917 4313 praebuit
931 4225 1124 4292 fidelitatem
1140 4247 1232 4291 suam
1242 4247 1353 4292 sacrae
1370 4245 1446 4290 caea
1522 4225 1523 4228 ’

319 4335 492 4420 maiestati,
523 4334 658 4400 eandem
674 4335 885 4419 spectabilem
911 4341 944 4401 et
968 4332 1174 4421 magnificam
1199 4333 1446 4398 dominationem

319 4449 460 4511 vestram
484 4443 729 4527 dihgentiasime
754 4465 794 4508 ac
809 4463 1010 4528 summopere
1034 4464 1123 4528 rogo,
1147 4442 1226 4508 velit
1241 4441 1385 4506 eiusdem
1399 4461 1447 4506 res

322 4553 411 4639 apud
426 4574 517 4618 suam
533 4553 737 4618 maiestatem
753 4551 892 4635 benigne
922 4573 1115 4636 promouere
1131 4552 1214 4618 etin
1230 4547 1380 4616 effectum
1395 4549 1448 4615 du-

320 4683 402 4746 cere,
412 4660 587 4726 secundum
603 4659 789 4727 inchoatam
804 4659 1062 4727 benevolentiam
1078 4683 1179 4727 suam.
