3042 5404
515 499 608 554 1604.
624 517 683 556 rar.
701 495 752 554 20.
1131 495 1196 558 245

71 670 291 738 liberationem
316 673 448 755 venerit,
473 674 534 738 etsi
549 671 708 740 hactenus
733 693 859 756 semper
884 672 1044 738 secundus
1069 693 1197 758 aprae-

71 779 134 845 side
149 781 345 848 sententiam
361 783 467 866 primo
476 783 640 866 aperuerit
656 803 755 863 suam,
771 803 836 846 non
853 781 1012 864 sessionis,
1029 801 1093 846 non
1109 787 1196 846 aete-

71 889 118 972 tis,
140 911 246 973 neque
261 911 419 974 personae
436 891 590 974 cuiusque
606 891 767 956 rationem
783 889 911 972 babeat,
929 889 984 954 sed
1001 911 1073 954 eum
1090 889 1194 973 primo

71 997 342 1064 locosentsutiam
360 1020 451 1064 suam
467 999 575 1064 dicere
591 998 712 1080 iubeat,
728 1001 784 1084 qui
800 1021 878 1082 rem,
894 1000 934 1064 de
950 1021 1015 1084 qua
1031 999 1191 1066 delibera·

6 1131 7 1134 ¹
72 1111 128 1187 tur,
153 1107 327 1191 praecipue
352 1109 515 1191 cognitam
540 1105 660 1172 babere
684 1106 855 1190 ridebitur,
880 1113 979 1191 atque
1004 1109 1052 1173 ita
1068 1107 1196 1172 demum

6 1231 7 1236 ’
72 1213 123 1278 alii
140 1215 252 1279 ordine
268 1237 360 1280 suam
377 1217 513 1300 quisquc
529 1217 724 1280 seutentiam
741 1215 847 1280 dicere
863 1214 1025 1280 iubeatur.

173 1321 300 1407 Quibus
325 1324 446 1390 auditis
469 1324 614 1391 director
636 1326 705 1410 ipse
731 1347 859 1409 quoque
876 1324 954 1409 quid
970 1323 1032 1389 sibi
1048 1323 1198 1390 rideatur

74 1437 216 1517 expuam,
224 1455 331 1519 neque
340 1437 448 1499 tamen
465 1433 640 1500 secundum
656 1435 850 1500 sententiam
866 1455 966 1516 suam,
982 1439 1109 1498 tantum
1119 1455 1197 1518 qua·

5 1535 7 1586 i
76 1547 163 1608 tenus
194 1563 231 1606 ea
262 1543 305 1608 ab
336 1543 475 1608 aliorum
506 1545 675 1609 sententiis
707 1541 884 1626 dissidebit,
908 1542 966 1608 sed
979 1564 1037 1626 pro
1055 1563 1092 1608 so
1110 1541 1197 1626 quod

75 1651 182 1716 maiori
197 1652 284 1735 parti
300 1649 470 1734 videbitur,
486 1651 668 1718 concludat

5 1749 7 1762 ²
176 1757 340 1842 Quicquid
371 1763 480 1826 autem
511 1759 696 1824 conclusum
722 1759 828 1842 luerit,
852 1758 886 1824 id
903 1757 1098 1822 secretarius
1114 1757 1193 1840 ipsis

5 1947 7 1962 μ
77 1867 231 1934 subiectus
246 1871 370 1954 scripto
387 1870 632 1954 complectatur,
648 1871 742 1954 eique
758 1869 889 1934 litterae
907 1875 940 1933 et
957 1867 1196 1934 commissiones

76 1979 215 2064 aliasque
240 1977 442 2043 necessariae
468 1977 688 2062 expeditiones
713 1999 751 2042 ac
775 1997 931 2061 respousa
948 1975 1198 2042 conformentur.

78 2084 186 2170 Neque
214 2085 313 2151 debet
343 2085 599 2152 consiliariorum
630 2085 799 2170 quispiam,
825 2083 902 2150 dum
927 2081 1065 2168 quilibet
1090 2103 1198 2148 rerum

76 2201 202 2278 rogatus
225 2217 246 2260 a
271 2193 431 2260 directore
456 2195 651 2260 sententiam
676 2215 767 2260 suam
793 2193 888 2274 dicet,
913 2193 1013 2258 alium
1034 2191 1102 2256 sine
1118 2191 1196 2256 reti-

4 2319 6 2398 ᾗ
79 2301 191 2368 onabili
222 2323 321 2368 causa
351 2302 570 2386 interpellare,
601 2301 656 2367 sed
681 2303 764 2368 alius
789 2302 889 2368 alium
906 2298 1019 2367 ordine
1036 2299 1149 2365 audire
1165 2305 1199 2362 et

4 2455 5 2462 κ
79 2413 263 2477 sententiam
279 2433 371 2477 suam
387 2411 495 2495 eloqui
511 2411 708 2494 permittere.

4 2587 7 2612 ,
178 2517 378 2585 Conveniant
387 2519 499 2604 itaque
509 2518 684 2584 consiliarii
695 2517 797 2582 nostri
814 2516 846 2580 in
862 2515 987 2580 consilii
1004 2515 1084 2597 loco,
1102 2535 1199 2598 quem

3 2629 6 2670 l
81 2625 276 2712 Claudiopoli
286 2629 493 2708 constituent,
505 2626 649 2712 quotidie
665 2625 747 2692 bora
763 2629 853 2690 certa
868 2645 962 2690 mane
978 2623 1108 2707 quidem
1117 2621 1201 2688 hora

3 2785 4 2788 η
81 2735 218 2818 septima,
234 2757 254 2800 a
269 2735 405 2800 meridie
421 2757 497 2800 sero
507 2735 587 2800 hora
597 2733 748 2817 secunda,
765 2737 982 2814 maneantque
994 2751 1060 2796 una
1075 2731 1109 2796 in
1126 2751 1200 2796 con-

3 2825 10 2898 l
81 2843 145 2909 silio
161 2844 226 2910 tam
241 2865 337 2910 mans
347 2865 474 2927 quama
489 2843 622 2910 meridie
632 2842 720 2908 boris
731 2841 840 2922 ternis,
850 2841 993 2924 exceptis
1009 2845 1116 2904 tamen
1133 2837 1202 2904 Do-

3 2943 5 3040 j
82 2951 196 3016 minicia
211 2953 349 3036 aliisque
366 2951 457 3018 lestis
473 2950 594 3034 diebus,
610 2951 642 3016 iu
662 2949 779 3034 quibus
803 2949 1004 3014 vacationem
1024 2945 1200 3030 habebunt,

3 3047 5 3140 ζ
82 3057 134 3122 uisi
157 3059 183 3124 si
206 3081 272 3144 qua
295 3059 447 3126 inciderit
472 3079 577 3142 causa,
601 3064 848 3143 propterquam
874 3057 952 3140 ipsis
986 3061 1070 3121 esset
1086 3077 1199 3120 conve·

3 3217 5 3248 ,
83 3165 230 3232 siendum.

3 3341 4 3368 ἦ
177 3275 372 3342 Deliberata
382 3281 415 3342 et
425 3275 576 3342 conclusa
591 3275 624 3340 in
641 3274 786 3356 consilio,
802 3273 844 3339 ad
860 3271 1110 3356 gubernatorem
1126 3294 1200 3357 pro·

3 3375 5 3426 l
84 3385 192 3452 vinciae
216 3407 290 3452 cum
314 3386 442 3450 motivis
462 3389 495 3450 et
510 3381 690 3450 rationibus
706 3383 772 3448 suis
788 3382 940 3464 referent,
957 3387 1058 3466 utque
1074 3387 1149 3446 voto
1166 3387 1199 3445 et

3 3485 5 3568 ῗ
84 3493 271 3561 authoritate
281 3515 341 3559 sua
357 3494 415 3560 illa
430 3491 546 3578 firmet,
562 3494 653 3576 sique
670 3513 751 3576 opus
767 3489 874 3574 luerit,
891 3490 1052 3574 expediet,
1068 3489 1201 3574 cupient

3 3645 5 3668 r
85 3607 113 3664 et
131 3601 311 3668 monebunt:
337 3607 394 3667 aut
417 3601 443 3666 si
470 3621 510 3666 ex
535 3601 671 3682 collegio
697 3621 844 3664 camerae
862 3597 1078 3682 expediendae
1096 3601 1200 3680 erunt,

3 3743 5 3806 ξ
84 3708 136 3792 ipsi
146 3710 317 3798 expediant
327 3731 365 3776 ae
380 3709 414 3774 in
430 3706 581 3774 effectum
598 3707 769 3772 deducant.

178 3819 324 3888 Tametsi
340 3823 448 3884 autem
473 3817 615 3884 director
641 3821 674 3880 et
690 3814 867 3882 consiliarii
882 3813 1042 3898 praedicti
1059 3833 1098 3877 ex
1114 3813 1200 3879 iura·

3 3927 5 3956 '
85 3931 172 3994 menti
196 3931 246 3996 sui
263 3927 372 3996 debito
396 3933 522 3994 secreta
546 3925 654 3991 velare
679 3929 755 3990 suut
780 3922 925 4006 obligati,
942 3929 1051 3988 tamen
1067 3921 1130 3987 hoc
1146 3944 1197 3986 ex-

3 4045 4 4084 ῑ
86 4054 179 4116 presse
207 4039 288 4122 ipsis
318 4037 381 4101 bac
411 4033 625 4100 instructione
649 4029 913 4116 praecipiendum
939 4029 1098 4115 duximus,
1114 4032 1199 4096 utin

3 4169 5 4220 ς
87 4145 217 4212 omnibus
228 4144 370 4212 consiliis
380 4147 413 4208 et
427 4140 624 4236 tractatibus
639 4139 681 4206 ad
697 4161 757 4205 uos
772 4145 949 4222 nostraque
967 4141 1098 4222 negotia
1114 4161 1201 4222 spec·

3 4239 5 4288 t
87 4253 215 4320 lantibus
239 4251 498 4318 taciturnitatem
517 4253 653 4332 servent,
670 4247 822 4331 dietaque
839 4252 872 4311 et
888 4245 1044 4330 suttragia
1059 4247 1201 4328 singulo·

3 4433 4 4454 χ
87 4381 146 4426 rum
169 4367 201 4428 et
225 4383 264 4428 ea
280 4381 365 4446 quae
380 4381 419 4424 ex
436 4356 658 4424 communibus
674 4355 757 4422 votis
773 4354 896 4420 luerint
912 4355 1065 4421 conclusa
1081 4375 1201 4420 arcana

88 4465 203 4536 habent
227 4469 432 4536 Nominatim
456 4487 532 4533 vero
549 4471 692 4548 caveant,
707 4485 749 4528 ne
765 4463 851 4529 ullae
867 4463 996 4546 penitus
1012 4461 1200 4528 officialium

3 4599 5 4668 ζ
88 4584 255 4646 amborum
286 4577 531 4644 informationes
561 4575 640 4659 ipsis
671 4573 769 4640 datae
800 4571 1006 4654 divulgentur
1037 4577 1095 4637 aut
1111 4572 1199 4655 parti

3 4693 5 4712 '
89 4686 224 4755 aduersae
240 4688 442 4775 delegantur,
456 4707 497 4752 ne
512 4683 668 4752 officiales
683 4683 717 4748 in
733 4681 808 4748 odia
823 4679 1141 4763 incurrantillorum‚
1158 4679 1199 4744 de
