3030 5416
701 994 970 1077 ldtltjuuius
996 996 1045 1055 lo.

349 1155 370 1202 ,l
389 1151 498 1202 esteris
513 1169 530 1201 u
546 1149 691 1202 murmuria-i
703 1147 901 1216 patriurceuolot
916 1145 1011 1213 Xpriry
1027 1144 1082 1197 Pdl
1099 1143 1297 1213 eljbpatdatrdl
1311 1144 1403 1196 dread.

420 1281 617 1365 Rudolplms
642 1279 811 1360 secundus,
835 1279 947 1342 diuina
970 1277 1101 1343 favente
1126 1278 1299 1344 clementia
1323 1279 1428 1344 electus

315 1390 536 1456 Romauomm
551 1391 736 1472 imperator,
752 1409 879 1470 semper
892 1396 1059 1468 augustus

422 1496 607 1580 Magnifice.
622 1495 728 1560 tidelis
738 1495 865 1560 dilecte.
874 1494 1072 1578 Accepimus
1088 1495 1429 1578 literastuasrigesima

317 1605 458 1669 secunda
473 1605 557 1690 llaij
585 1605 689 1670 datus.
714 1605 833 1687 quibus
857 1603 970 1668 addita
994 1611 1097 1684 erant,
1123 1625 1207 1686 quae
1233 1603 1276 1668 ad
1291 1611 1323 1668 te
1338 1622 1429 1667 comes

316 1713 479 1795 Georgius
494 1712 596 1777 Busta
613 1735 653 1777 ex
669 1713 868 1776 confessione
884 1712 1008 1793 captiui
1022 1711 1110 1775 illius
1126 1709 1334 1776 Transiluaui
1348 1710 1431 1774 misit.

319 1820 413 1886 Vnde
432 1843 506 1885 cum
522 1822 602 1885 talia
618 1830 732 1884 contra
747 1818 888 1884 Paulum
903 1818 1054 1883 Niarium
1070 1818 1191 1882 indicia
1207 1817 1431 1902 deprehendan-

317 1942 381 1994 tur.
397 1951 480 2012 clune
497 1940 528 1992 et
554 1929 611 2012 alij
638 1925 771 1991 aliunde
786 1927 896 2010 nuncij
920 1924 1120 2008 confirment,
1135 1933 1172 1990 ut
1188 1933 1300 1991 nostra
1314 1946 1431 2008 magno

315 2058 393 2119 pere
409 2039 564 2100 interesse
580 2037 846 2116 existimarem,
861 2035 956 2099 illum
971 2054 1012 2098 ne
1027 2033 1121 2098 uobis
1137 2034 1288 2099 elabatur
1302 2034 1432 2100 clausum

315 2142 480 2224 eustmliri,
496 2143 548 2207 hic
564 2142 765 2226 apprehendi
781 2151 813 2206 et
829 2145 864 2207 in
880 2163 1044 2208 carcerem
1059 2141 1134 2206 duci
1150 2141 1309 2208 iussimus
1325 2140 1432 2206 Neces

316 2253 438 2316 uirium
462 2253 574 2334 itaque
599 2251 747 2334 inprimis
772 2260 830 2332 est¹
846 2258 879 2314 rt
905 2251 1144 2335 quamprimum
1159 2249 1361 2316 Varadinum
1374 2253 1432 2314 tete

316 2359 472 2424 conteras.
488 2372 520 2424 et
537 2361 604 2424 arci
620 2359 679 2440 illi,
694 2381 735 2423 ne
750 2357 980 2424 detrimentum
1000 2359 1119 2442 capiat⁷
1134 2357 1175 2423 dc
1190 2358 1289 2424 rebus
1304 2378 1434 2423 necessu·

317 2469 372 2532 riis
387 2469 574 2551 prospicias
599 2468 827 2552 pmesidioque
857 2469 926 2533 siue
944 2467 1131 2532 lancionum
1146 2468 1215 2532 siue
1241 2467 1341 2532 alium
1356 2485 1433 2531 euer-

316 2576 453 2640 eitatum
477 2576 614 2641 militem
639 2575 740 2640 donec
766 2575 851 2641 alius
874 2598 895 2640 a
919 2575 1014 2640 nobis
1043 2575 1228 2658 praefectus
1253 2573 1433 2658 designetur,

317 2679 495 2765 praeficias
520 2683 562 2747 In
587 2683 721 2748 aedibus
737 2685 805 2748 siue
821 2683 962 2767 hospitio
986 2691 1057 2748 tum
1073 2684 1173 2748 etiam
1189 2683 1223 2748 in
1238 2682 1433 2766 possessioni·

317 2790 378 2856 bus
393 2797 426 2854 et
442 2787 534 2855 bonis
550 2789 657 2876 Xierj
673 2792 929 2875 suppellectilem
953 2812 1081 2855 omnem
1111 2792 1146 2854 in
1161 2791 1377 2856 inuentarium
1390 2811 1432 2855 re

316 2898 446 2964 dictam
461 2899 636 2982 obsignari,
646 2900 829 2981 scriniaque
845 2905 877 2963 et
894 2901 1018 2982 scripta
1032 2899 1141 2963 omnia
1150 2899 1351 2982 perlustrari,
1366 2905 1395 2962 et
1409 2895 1431 2962 si

318 3005 399 3090 quid
414 3007 448 3071 in
463 3007 531 3072 illis
557 3007 645 3090 quod
669 3007 712 3072 ad
736 3008 915 3090 pleniorem
940 3008 1148 3072 sinistrarum
1171 3007 1435 3073 machinationum

316 3115 502 3198 indaginem
526 3117 699 3200 pertineat,
722 3117 918 3197 inueniatur,
941 3115 1035 3182 nohis
1049 3114 1190 3182 fideliter
1204 3119 1293 3182 mitti
1308 3138 1345 3182 ac
1359 3117 1435 3181 bona

317 3226 426 3290 omnia
451 3225 486 3289 in
511 3234 713 3308 sequestmm
737 3225 842 3307 accipi
866 3245 968 3288 cures
986 3221 1045 3288 Ad
1068 3225 1235 3307 captiuum
1251 3225 1343 3290 illum
1358 3220 1435 3306 quod

316 3335 445 3414 attinet,
461 3333 553 3398 illum
570 3329 760 3398 Caesoniam
784 3339 858 3396 tuto
873 3332 961 3396 mitti
976 3353 996 3396 a
1012 3332 1130 3397 comite
1145 3331 1250 3397 Basta
1266 3339 1365 3417 potes
1379 3329 1436 3396 His

317 3441 457 3508 fideliter
473 3441 689 3524 celeriterque
705 3437 913 3505 conficiendis
938 3439 1080 3521 gratiam
1095 3445 1240 3504 nostiam
1255 3458 1436 3516 caesaream,

317 3573 383 3636 qua
399 3561 432 3616 te
447 3551 606 3637 complexi
623 3571 733 3616 mimus
757 3549 861 3631 magis
881 3550 1050 3631 magisque
1064 3547 1309 3632 promereberis
1323 3547 1436 3614 Datum

316 3661 350 3724 iu
365 3679 439 3726 auce
455 3669 567 3725 nostra
593 3659 685 3742 regia
707 3657 847 3740 Pragee,
871 3656 923 3721 die
948 3656 1074 3722 decima
1089 3655 1117 3723 J
1117 3657 1195 3743 uuij.
1209 3653 1311 3722 Auno
1327 3651 1438 3720 domini

316 3768 487 3833 millesimo
503 3769 734 3834 sexcentesimo
759 3773 887 3850 quarto.
903 3763 1092 3850 Regnorum
1107 3772 1292 3832 nostrorum
1307 3759 1437 3831 Romani

317 3875 472 3958 vigesimo
488 3895 581 3958 nono,
596 3875 781 3960 Hungarici
790 3874 944 3958 vigesimo
954 3873 1096 3940 secundo
1105 3881 1139 3940 et
1147 3872 1318 3941 Bohemiei
1333 3871 1437 3938 itidem

316 3983 469 4066 vigesimo
485 4001 578 4048 nono.

424 4085 621 4175 Rudolphus
636 4112 677 4158 m.
695 4113 726 4176 p

408 4237 546 4311 (Culmum
563 4239 670 4300 uellet
687 4241 832 4314 Eredotijo
848 4260 866 4298 a
880 4239 959 4297 be'csi
974 4259 1012 4297 cs.
1028 4241 1094 4298 titk.
1109 4241 1232 4298 ltdrban.
1248 4236 1358 4313 Hung.)

424 4387 538 4457 Jeppzet.
553 4385 655 4460 Nyilrp·
671 4385 724 4444 Pul
740 4387 800 4444 okt.
829 4383 917 4441 lli-ein
934 4385 1122 4441 bocsdttutott
1140 4387 1296 4454 embadon,
1311 4385 1381 4440 mint
1397 4387 1437 4440 ost

321 4494 356 4534 aa
372 4473 459 4532 ultibb
474 4475 635 4534 kttvotkezd
649 4476 717 4552 igeu
732 4473 852 4534 e'rdekes
868 4475 994 4550 okmainy
1009 4477 1142 4550 iguolja
