3100 5420
445 539 537 597 [607.
555 548 652 597 ulnoz.
673 543 812 598 18-25.
1138 541 1203 600 465

78 705 165 771 Ιὲετο.
181 706 273 772 Bene
289 709 407 774 valcat.
424 710 548 777 Datum
575 714 608 777 in
625 714 757 778 civitate
773 721 885 778 nostra
901 713 991 780 Alba
1004 713 1030 779 J
1032 717 1099 780 ulia
1116 717 1167 780 die
1186 711 1209 780 5¹

77 816 192 880 mensis
207 815 333 881 Martii.
349 814 450 882 Anno
467 819 590 886 domini
612 825 708 886 1607.

598 927 825 1012 Sigismundus
841 929 995 1014 Rakoczy
1011 953 1052 996 m.
1068 953 1097 1015 p.

175 1041 297 1096 Kulca'm
307 1063 317 1096 .·
333 1041 487 1112 Magnifica
503 1045 616 1100 domino
632 1045 796 1102 Baithasari
819 1045 925 1102 Kornis
942 1049 978 1102 dc
993 1047 1119 1116 Rusaka,
1137 1066 1202 1104 oon-

75 1129 175 1186 siliario
191 1137 289 1187 nostro
306 1137 335 1186 et
351 1131 430 1187 fideli
446 1135 529 1188 nobis
546 1135 720 1192 honorando.

323 1255 379 1326 (Aa
403 1260 561 1327 eredctirtl,
579 1248 657 1315 lllikc
674 1260 784 1317 Stndor
799 1258 832 1315 tir
849 1260 953 1334 gyiljt.)

592 1431 694 1498 LIII.

433 1562 528 1624 1607.
554 1563 705 1624 maroa.
734 1563 874 1624 18-25.

250 1692 276 1744 Α
292 1693 539 1762 maroautiadrlaclgfl'
554 1694 770 1763 orszdpppliloocn
785 1695 871 1748 locon
884 1696 1030 1763 concursat.

182 1789 253 1857 Nos
270 1791 500 1875 Sigismundus
516 1793 670 1878 Rakoczy
680 1793 732 1859 dci
750 1795 856 1877 gratia
871 1795 1022 1878 princeps
1038 1793 1208 1879 Transsyl-

80 1900 196 1980 sanine,
210 1901 354 1983 partium
370 1903 461 1984 regni
478 1901 669 1984 Hungariac
686 1901 835 1968 dominus
851 1909 884 1968 ct
901 1900 1083 1968 Siculorum
1100 1924 1207 1969 comes

81 2013 134 2072 otc
149 2010 324 2073 memoriae
341 2010 603 2075 commandamus
620 2016 732 2076 tunore
748 2012 967 2094 praesentium
987 2009 1206 2094 significantes

81 2115 191 2198 quibus
208 2117 340 2201 expedit
365 2119 535 2201 universis,
561 2119 647 2203 quod
665 2118 775 2184 fidelos
795 2120 897 2184 nostri
915 2119 1036 2184 domini
1053 2141 1205 2204 proceros

11 2253 12 2256 ¹
81 2231 241 2307 magnates
258 2232 291 2289 ct
317 2224 450 2308 nobiles,
475 2228 639 2309 ceterique
664 2233 770 2292 status
786 2234 819 2292 et
835 2227 964 2292 ordines
983 2228 1083 2292 trium
1099 2229 1204 2293 natio·

82 2353 151 2396 num
168 2332 246 2398 dicti
270 2335 363 2417 regni
397 2335 501 2400 nostri
536 2333 806 2418 Transsylvaniac
831 2337 865 2399 in
890 2335 1035 2418 genarali
1060 2336 1205 2418 ipsorum

84 2447 235 2506 conventu
261 2462 403 2524 paruos
428 2443 469 2507 ad
495 2443 579 2508 diem
603 2447 652 2508 18.
671 2445 830 2508 currentis
855 2445 972 2508 mensis
988 2443 1105 2509 Martii
1130 2445 1208 2509 anni

84 2550 258 2630 praesentis
276 2553 361 2614 1607
389 2551 423 2614 in
449 2551 569 2635 oppido
595 2557 708 2616 nostro
728 2551 844 2616 Marus
859 2550 1045 2634 Vasarhcly
1061 2552 1103 2617 ad
1119 2574 1209 2618 man-

14 2652 31 2725 ἰ
87 2654 190 2720 datum
200 2662 347 2721 nostrum
358 2659 545 2740 congregati
556 2658 764 2724 exhibuerint
774 2659 867 2723 nobis
878 2664 911 2724 et
920 2664 1210 2743 praesentaverunt

25 2750 30 2775 '
87 2762 304 2848 infrascriptos
329 2765 483 2830 articulos
499 2765 724 2830 communibus
748 2767 890 2850 ipsorum
908 2768 990 2832 votis
1007 2773 1040 2832 et
1056 2767 1209 2850 sufragiis

86 2873 284 2956 generalique
295 2893 452 2940 consensu
463 2874 649 2939 conclusos:
667 2874 887 2958 supplicantes
905 2873 996 2940 nobis
1012 2875 1157 2960 benigna,
1174 2883 1212 2942 ut

85 2981 241 3046 univorsos
257 2981 421 3064 articulos,
447 2983 620 3064 omniaque
646 2988 678 3047 et
694 2983 824 3065 singula
850 2983 884 3046 in
911 2983 1030 3049 eisdem
1057 2990 1210 3049 contenta

14 3160 16 3162 v
86 3093 175 3171 ratos,
190 3095 300 3172 gratos
317 3095 350 3154 et
367 3096 501 3174 accepta
520 3089 685 3172 habentia,
702 3096 915 3174 nostrumque
934 3113 1126 3156 consensum
1142 3093 1209 3158 illis

86 3197 269 3278 praebentes
295 3198 496 3263 authoritate
521 3205 634 3264 nostra
657 3199 830 3282 principali
866 3199 1003 3282 benigno
1029 3207 1210 3284 acceptare,

88 3306 265 3388 approbare,
290 3305 453 3371 ratificare
480 3312 512 3370 at
529 3305 720 3372 confirmare
747 3313 845 3390 atque
864 3313 930 3372 tam
949 3331 1007 3374 uos
1024 3311 1084 3393 ipsi
1101 3309 1209 3374 obscr-

88 3431 162 3494 vara
179 3435 274 3497 quam
292 3435 349 3497 per
365 3415 447 3478 alios
471 3435 584 3480 omnes
610 3437 747 3497 quorum
764 3415 901 3480 interest
917 3416 1088 3482 observare
1104 3417 1211 3483 facere

88 3517 293 3602 ‹liguoremun
310 3519 456 3604 Quorum
472 3522 602 3605 quidem
619 3523 831 3588 articulorum
852 3529 947 3588 tenor
963 3525 1039 3589 talis
1056 3532 1112 3591 est.

185 3628 1211 3715 Articulidorninorumprocerum‚magnatum

89 3737 376 3820 ctnobilium,
414 3744 760 3822 ceterorumque
796 3744 998 3804 statuum·
1023 3745 1065 3804 ct
1102 3740 1213 3804 ordi-

89 3864 172 3910 num
205 3847 340 3911 trium
365 3849 598 3912 nationum
623 3845 1214 3932 regniTranssylvaniacin

15 4013 16 4016 ,
91 3953 286 4030 generali
313 3975 459 4018 eorum
486 3959 708 4020 convcutu
734 3953 783 4018 ab
809 3953 1215 4021 illustrissimodo·

14 4049 20 4149 l
90 4060 191 4128 nino
224 4061 401 4127 domino
435 4061 726 4144 sigismundo
768 4061 976 4148 Rakoozy
1007 4065 1216 4150 principa

13 4191 19 4255 ἲ
91 4164 1217 4256 TranssylvaniaopartiumrogniHungarinedo-

13 4268 19 4291 ¹
91 4275 192 4342 mino
212 4276 531 4343 etSiculorum
552 4278 717 4342 comita
743 4277 877 4342 eisad
899 4281 948 4342 18.
975 4278 1086 4343 diem
1112 4303 1216 4345 ruscu-

92 4383 317 4451 sislllartii
337 4409 447 4452 anno
475 4391 560 4450 1607
581 4386 632 4451 ad
653 4385 863 4470 oppidum
884 4384 1034 4454 Marus
1060 4387 1217 4455 Vasar-

92 4485 179 4578 hely
204 4495 384 4560 indicto
412 4495 630 4560 conclusi.

186 4601 311 4687 Latjuk
327 4601 508 4686 kcgyalures
523 4625 616 4668 uram
633 4603 774 4668 urinomtl
785 4603 1047 4670 vcszcdelcmbau
1063 4604 1216 4690 forogjon

93 4704 205 4774 mutuli
220 4709 428 4794 allapatjauz
443 4711 582 4776 vilellau
601 4713 634 4774 is
651 4713 800 4777 vtratlan
817 4714 918 4778 rotuli
935 4713 1042 4778 indult
1058 4715 1215 4780 artolmas

138 4851 226 4905 Eruttyi
237 4851 410 4904 Orszu'ssffyiilisl
428 4853 549 4893 nnsttkak.
564 4853 590 4894 V.
1076 4846 1109 4890 30
