3042 5404
533 473 629 532 lece.
643 489 702 532 sn.
721 470 761 530 19
1158 467 1222 533 183

90 642 180 714 illico
188 641 401 716 manifestabo
410 669 515 733 neque
531 645 654 715 celabo.
671 645 783 732 Atque
799 649 832 714 in
849 645 997 715 omnibus
1012 647 1055 716 ad
1072 649 1222 716 ultimum

90 777 191 840 usque
214 759 298 824 ritae
323 779 415 823 mese
439 755 535 840 diem,
559 755 688 822 fidelem
703 777 755 822 me
779 779 859 822 sose
874 759 935 823 mti
951 757 1125 842 praebebo,
1140 763 1175 823 et
1189 760 1223 822 in

92 863 154 930 hoc
182 866 361 932 iuramento
392 867 573 951 persistam,
603 887 709 950 neque
740 865 782 932 nb
806 866 875 933 ullo
900 867 1137 933 absolutionem
1154 869 1223 932 eius

92 981 199 1057 petam
222 981 279 1040 aut
302 975 450 1042 oblatam
475 977 643 1060 accipiam.
668 975 725 1042 Its
744 975 894 1042 medens
919 977 1050 1042 adiuret
1066 983 1100 1041 st
1115 996 1222 1042 sacro-

95 1089 208 1148 sancta
222 1085 359 1150 trinitas

196 1232 367 1396 (llipdkettb'
393 1237 459 1306 igen
475 1234 655 1308 megrongtlt
681 1235 849 1307 ssnporban
873 1254 892 1290 s
916 1235 993 1292 bessi
1018 1238 1084 1294 ndr.
1100 1237 1177 1294 kam.
1193 1237 1226 1295 lt.

95 1324 168 1380 Sieb.
181 1325 242 1383 Act.

617 1477 696 1546 XL

529 1607 625 1670 1603.
635 1605 651 1689 j
662 1626 683 1669 a
692 1627 723 1670 n.
741 1607 792 1669 19.

250 1739 274 1791 Α
291 1739 413 1793 esdndri
426 1739 543 1792 &mosot
557 1739 668 1792 rdlcszc
687 1757 705 1792 u
720 1739 819 1793 resdek
829 1737 1067 1808 pormlummuiru.

120 2125 366 2211 Responsio
399 2125 676 2192 dominorum
709 2125 1121 2192 commissariorum
1144 2127 1197 2193 sd

10 2217 12 2222 ’
525 2231 772 2318 postulata.

196 2343 428 2410 Jnramentum
437 2343 586 2427 excipere
602 2341 817 2426 clementiam,
834 2341 874 2406 de
890 2341 1076 2408 defensione
1091 2343 1220 2428 patriae

10 2431 12 2548 ἶ
100 2460 128 2517 et
149 2453 230 2520 bono
244 2451 380 2536 regendi
396 2451 493 2518 modo
508 2457 542 2516 et
557 2449 679 2516 referre
698 2449 789 2516 salsa
803 2450 930 2516 iustitia
945 2457 983 2517 ut
998 2452 1042 2516 sit
1056 2473 1116 2536 pro
1133 2473 1219 2518 emo·

10 2553 12 2648 ζ
100 2558 239 2625 lumento.

10 2659 12 2682 ⁵
195 2673 223 2734 1.
247 2665 380 2732 Primus
395 2664 553 2732 articulus
569 2663 729 2730 reseretur
743 2665 787 2730 sd
802 2687 894 2731 susm
919 2673 1028 2750 nutem,
1044 2689 1111 2734 nou
1126 2666 1219 2733 dubi·

10 2777 12 2836 l
99 2777 161 2839 lure
182 2777 260 2860 quin
284 2775 424 2858 benigne
449 2775 492 2838 sit
506 2795 710 2857 responsura
735 2795 795 2838 nec
811 2773 1006 2858 dubitamus,
1023 2777 1101 2859 quin
1118 2775 1218 2841 beist

99 2886 309 2968 mutationem,
325 2889 360 2948 et
375 2903 530 2968 personne
546 2881 637 2947 nulls
653 2881 803 2947 molestia
818 2879 949 2948 alliciat

10 3031 12 3036 ·
194 2997 223 3058 2.
232 2991 393 3060 Similiter
407 2989 528 3074 pendet
543 3011 565 3055 a
579 2987 778 3055 resolutione
794 3011 873 3056 suae
890 2991 965 3057 mtis
981 2997 1014 3056 et
1029 3011 1214 3075 processum

10 3059 12 3150 l
100 3100 256 3166 iuridicum
286 3096 460 3180 formabit,
490 3117 551 3162 nec
584 3095 771 3163 dubitemus
802 3097 881 3182 quin
915 3098 1042 3164 iustitia
1082 3097 1217 3164 admini-

10 3215 12 3284 J
101 3215 216 3276 stretur.

10 3309 11 3322 ³
194 3322 223 3383 3.
238 3319 269 3383 4.
285 3315 442 3384 Similiter
459 3335 549 3382 suam
567 3319 666 3380 mtem
683 3313 937 3382 informabimus

10 3485 12 3506 ‚
195 3429 222 3492 5.
246 3425 300 3491 De
324 3423 463 3490 Belenes
488 3423 630 3508 pertinet
650 3421 921 3508 adventinum,
937 3419 1215 3507 queeettinetud

10 3535 11 3538 ’
102 3529 264 3618 Unguium
279 3532 489 3616 superiorem

10 3631 12 3680 l
193 3647 221 3709 6.
244 3641 378 3707 Intrare
396 3647 429 3706 et
444 3641 532 3706 exire
546 3641 580 3706 in
597 3641 744 3707 civitates
759 3661 826 3707 non
836 3639 1023 3706 dubitamus
1038 3637 1065 3702 si
1081 3657 1156 3703 raro
1172 3635 1216 3702 sit

103 3748 208 3834 aliquid
222 3750 273 3816 rel
289 3749 419 3831 abusus,
435 3747 585 3814 dominus
600 3749 762 3832 generalis
778 3747 937 3833 disponet

194 3863 220 3924 7.
235 3857 290 3924 De
305 3857 528 3942 appellatione
544 3877 603 3922 sua
618 3858 772 3924 maiestas
787 3855 936 3922 resolvet

191 3969 219 4031 8.
243 3965 389 4034 Volente
412 3964 460 4029 ita
483 3983 585 4046 regno
602 3963 766 4048 Ungariae
782 3963 826 4030 ed
841 3963 1021 4046 Ungarism
1036 3959 1215 4046 applicarit

103 4089 149 4136 sna
163 4081 240 4140 mles
256 4079 291 4139 et
306 4071 389 4138 nihil
406 4071 567 4138 commodi
583 4069 846 4138 Transsilraniae
862 4066 978 4135 afferre
1003 4071 1132 4154 poterit.

191 4185 219 4246 9.
243 4181 313 4247 Iste
338 4177 496 4246 articulus
513 4199 534 4244 a
554 4178 693 4244 dominis
709 4178 938 4246 commissariis
953 4183 1004 4242 est
1018 4179 1213 4262 propositus,

106 4285 167 4352 ct
189 4285 361 4354 Generalis
378 4286 486 4370 saciet,
500 4285 597 4352 modo
615 4307 680 4352 non
696 4285 776 4352 dent
808 4285 936 4370 refugia
951 4305 1012 4350 nec
1027 4287 1213 4350 timeantur.

193 4400 240 4461 10.
259 4395 338 4462 Fiet
352 4399 512 4478 quantum
527 4399 644 4478 potest,
660 4402 694 4461 et
724 4393 754 4460 d.
770 4391 944 4461 Generalis
960 4392 1059 4458 saciet
1084 4398 1216 4458 conten·

110 4501 148 4563 tos
160 4503 335 4587 etuliquam
345 4509 471 4587 partem
481 4501 612 4586 dimisit,
622 4523 770 4568 annonae
781 4522 892 4568 curam
902 4500 1213 4586 habeantqusntum

114 4611 200 4687 metit
