3218 5424
345 507 408 568 578
720 518 837 565 sunnam
855 515 1106 568 oseziuoubnisnu.

348 713 351 724 ·
452 693 591 746 Kiilezim:
607 665 731 763 Egregio
757 691 883 746 Martium
909 691 1071 748 Kbveskuti
1096 665 1236 766 provisori
1260 700 1350 748 nostro
1377 691 1460 746 Vera·

342 783 433 838 dionei
450 789 502 838 oto.
519 781 596 838 fideli
612 782 694 838 nobie
716 781 827 837 dilecto.

613 925 769 998 (Eredotije
785 946 820 984 aa
837 925 978 1000 Orszagos
995 925 1197 998 leveltarhan.)

876 1135 942 1204 ΠΙ.

775 1286 869 1348 1598.
893 1284 979 1368 jan.
1013 1288 1041 1348 1.

344 1418 454 1486 liudolf
473 1436 506 1470 aa
531 1416 665 1484 Euddlybe
689 1417 792 1471 medea
806 1418 951 1472 biztoaokat
965 1418 1074 1487 ajdolja
1099 1417 1228 1473 Hauaek.
1245 1415 1292 1484 (1'.
1308 1425 1329 1474 o'.
1344 1417 1365 1470 I
1370 1417 1425 1470 [tie
1439 1416 1461 1469 k.

801 1508 843 1560 21.
860 1508 887 1560 a
902 1507 964 1564 135.
982 1505 1026 1574 u.)

447 1623 642 1708 Rudolphus
658 1624 818 1690 secundus
828 1624 938 1692 divina
947 1623 1077 1691 favente
1092 1626 1265 1692 elementia
1276 1625 1393 1690 oleatus
1403 1623 1462 1688 Ro

342 1755 510 1800 manorum
519 1736 695 1817 imperator
705 1731 1257 1818 semperaugustus.Sbrenuefidelis
1267 1733 1461 1812 dilectarum

341 1843 434 1909 nobis
444 1843 573 1926 egregia
583 1847 640 1907 tua
655 1841 689 1906 in
699 1862 757 1906 nos
767 1841 917 1908 voluntas
923 1841 992 1926 jam
1003 1848 1080 1910 anbe
1089 1849 1262 1928 perspecta
1277 1845 1327 1926 sit,
1337 1864 1401 1909 non
1410 1840 1462 1904 du·

341 1951 491 2032 bibamus,
508 1950 586 2034 quin
604 1970 675 2014 eam
691 1948 753 2015 hoe
768 1955 923 2034 tempore,
940 1972 1012 2016 oum
1028 1949 1218 2016 istuoRdum
1234 1950 1382 2017 deuotum
1397 1969 1461 2033 spe·

342 2057 494 2123 enubilem
527 2063 559 2121 et
584 2053 792 2140 magnificum
817 2078 856 2122 ao
887 2055 1111 2124 honorabilem
1143 2063 1177 2121 et
1202 2056 1333 2122 doctum
1357 2054 1459 2121 fideles

342 2165 435 2231 nobis
460 2165 596 2229 dilectos
622 2163 825 2248 Stephanum
851 2163 966 2248 Zuhay
992 2165 1179 2249 episcopum
1206 2165 1404 2248 Vaoiensem,
1419 2185 1464 2230 oa·

343 2296 451 2340 merae
463 2279 593 2339 nostrae
603 2272 815 2358 Hungarioae
825 2273 1033 2358 praesectum,
1043 2274 1256 2339 Francisoum
1267 2276 1415 2341 comitem
1429 2271 1463 2336 de

241 2449 243 2452 .
343 2382 480 2448 Nadasd
492 2383 704 2449 comitatuum
716 2379 924 2447 Oastrifeirei
933 2389 967 2447 et
977 2380 1226 2466 Soproniensem
1235 2383 1466 2466 comitemaga-

343 2514 456 2557 sonum
472 2497 659 2557 nostrorum
674 2490 833 2574 regalium
843 2490 878 2554 in
887 2488 1062 2574 Hungaria
1070 2492 1271 2574 magistrum,
1287 2497 1321 2556 et
1335 2488 1465 2554 Bartho

342 2601 482 2666 lomeum
507 2599 632 2666 Pezzen
658 2598 699 2663 ab
726 2597 994 2664 Ulriohskirohen
1013 2597 1099 2684 juris
1123 2600 1294 2682 utriusque
1310 2598 1466 2665 doctorem

343 2707 546 2772 consiliarios
571 2713 699 2772 nostros
723 2707 850 2790 legatos
874 2707 1040 2789 mittimus,
1060 2705 1245 2791 ubieunque
1270 2729 1350 2792 opus
1377 2705 1467 2772 fuerit

343 2812 438 2880 nobis
452 2814 650 2898 probaturus
666 2814 720 2879 sis.
736 2813 788 2878 Ea
803 2813 924 2880 fiducia
934 2813 1011 2879 freti
1026 2815 1093 2879 illis
1108 2795 1289 2900 injuximus
1298 2821 1336 2880 ub
1351 2814 1467 2880 deside-

343 2925 428 2989 rium
443 2921 504 2988 tibi
528 2929 676 2987 nostrum
702 2923 736 2987 in
761 2923 801 2988 iis
818 2943 902 3006 quae
918 2922 1106 3008 peragenda
1130 2930 1235 3006 erunt,
1264 2925 1415 3008 aperiant
1442 2929 1469 2987 ei

343 3055 409 3118 qua
425 3053 503 3114 erga
525 3037 559 3096 'ee
584 3028 692 3097 affecti
718 3052 828 3096 sumus
852 3031 1109 3098 benevolentiam
1133 3031 1281 3117 pluribus
1307 3037 1470 3099 test-entur.

325 3140 469 3226 -Quibus
485 3145 521 3206 ut
537 3139 633 3205 fidem
649 3140 771 3206 habeas
797 3140 995 3224 consilioque
1015 3145 1048 3204 et
1064 3140 1186 3205 auxilio
1202 3141 1245 3205 sis
1261 3140 1403 3225 benigne
1421 3163 1469 3207 eu·

343 3252 449 3336 pimus
466 3272 505 3316 ao
520 3251 661 3334 gratiam
687 3249 826 3334 denique
849 3255 996 3315 nostram
1020 3269 1204 3315 caesaream
1221 3271 1259 3314 aa
1275 3250 1400 3333 regiam
1416 3250 1472 3316 tibi

343 3359 517 3424 elementor
526 3355 697 3425 offerimus.
709 3357 832 3423 Datum
851 3359 885 3422 in
901 3379 976 3424 arce
991 3364 1105 3424 nostra
1130 3359 1219 3441 regia
1238 3356 1408 3444 Pragensi,
1427 3360 1473 3424 die

342 3468 497 3551 vigesima
512 3468 617 3552 p1ima
641 3467 761 3532 mensis
785 3466 811 3532 J
811 3467 937 3533 anuan'i
954 3487 1039 3532 anno
1059 3465 1180 3532 domini
1196 3466 1368 3534 millesimo
1385 3469 1475 3552 quin·

342 3577 521 3664 gentesimo
546 3575 755 3659 nonagesimo
781 3582 905 3657 octavo,
929 3595 1104 3660 regnorum
1120 3582 1305 3642 nostrorum
1329 3575 1473 3643 Romani

342 3687 496 3769 vigesimo
513 3685 621 3768 berbin,
638 3682 821 3766 Hungarioi
837 3684 990 3766 vigesimo
1016 3691 1109 3750 sexto
1127 3691 1160 3748 ei
1175 3683 1345 3750 Bohemiei
1361 3684 1474 3751 itidem

343 3795 503 3862 XXIIIo.

449 3901 612 3970 Rudolfus

904 4007 946 4074 ad
956 4009 1145 4075 mandatum
1161 4009 1194 4077 S.
1211 4007 1390 4076 Caesareae

1023 4117 1098 4182 Meis
1114 4119 1281 4204 proprium

1033 4225 1087 4292 Jo.
1107 4225 1280 4292 Barviiiue.

452 4385 591 4441 h'ulexlm:
614 4377 784 4450 Rudolphus
800 4377 838 4435 11.
854 4377 934 4434 Rom.
951 4378 1104 4450 imperator
1120 4385 1148 4434 et
1164 4376 1331 4450 Hungariae
1347 4379 1401 4430 oto.
1428 4397 1479 4434 rex

343 4479 395 4530 oto.
412 4478 531 4531 strennuo
557 4472 634 4530 fideli
660 4470 742 4526 nobis
767 4469 879 4538 dilecto,
896 4469 1015 4525 Alberto
1031 4469 1109 4525 Huet
1133 4468 1275 4526 Saxonum
1291 4468 1318 4522 in
1337 4465 1478 4540 'lhnnsyh

342 4565 389 4620 uin
402 4565 490 4634 judici
508 4566 594 4636 regio.

612 4687 768 4760 (hhedotije
785 4707 802 4742 a
819 4687 899 4746 saian
917 4707 1004 4744 noinz.
1025 4695 1154 4759 egyetem
1173 4685 1215 4756 lt.)
