3030 5416
502 507 598 562 1604.
615 525 674 562 ru.
692 506 743 561 20.
1127 501 1191 564 255

58 699 155 762 quam
184 699 243 762 per
268 677 373 744 solem
392 677 595 763 perceptoris
619 685 654 744 et
678 679 921 746 contrascribse
943 699 1076 746 manum
1100 676 1192 766 fiant,

56 807 160 872 noque
184 788 358 872 quisquam
376 787 636 854 consiliariorum
652 795 710 854 aut
725 788 866 854 eliorum
882 787 1071 856 officialium
1087 811 1192 856 came·

56 917 111 962 ree
134 897 229 962 istius
244 902 376 962 nostrae
400 897 435 962 in
450 895 512 962 hoo
528 899 693 980 negotium
708 896 885 981 reeipiendi
900 901 959 963 ant
974 897 1191 966 distribuendi

1 1047 2 1050 =
58 1012 231 1089 proventus
246 1006 298 1072 rel
314 1005 469 1090 pecunias
485 1013 615 1072 nostres
630 1027 700 1072 sese
715 1007 896 1072 immiscere
911 1006 1040 1073 audent.

161 1131 323 1202 Vetamus
333 1155 471 1219 quoque,
480 1156 522 1200 ne
531 1133 699 1219 praefatus
709 1137 883 1220 perceptor
892 1139 951 1202 eut
967 1131 1191 1201 contrascribc

60 1263 201 1326 unquam
226 1242 269 1308 ed
296 1243 459 1326 simplices
479 1249 513 1309 et
527 1243 675 1310 verbales
691 1245 931 1310 commissiones
948 1265 1004 1310 seu
1021 1243 1191 1310 directoris

59 1372 115 1416 seu
123 1351 382 1418 consiliariorum
392 1353 597 1436 erogationes
606 1351 715 1437 faciet,
726 1351 783 1418 sed
793 1373 921 1438 semper
936 1358 1074 1438 poscant
1090 1354 1189 1438 serip-

60 1465 110 1526 tns
126 1466 159 1526 et
173 1457 372 1526 sufficientes
388 1460 636 1526 commissiones.

165 1587 259 1654 Idem
285 1587 383 1652 etiem
399 1591 572 1672 perceptor
587 1587 638 1652 vel
654 1585 780 1652 solutor
788 1593 900 1654 noster
916 1593 949 1653 et
964 1587 1189 1654 contrascriba

63 1693 163 1762 dictos
186 1699 362 1782 proventus
385 1701 515 1763 nostros
540 1716 560 1758 a
585 1715 619 1758 sc
643 1701 813 1780 perceptos
829 1702 994 1781 exponant
1010 1701 1043 1761 et
1059 1695 1188 1780 dispen-

64 1808 142 1890 sent,
156 1827 220 1872 uon
235 1805 334 1870 aliter
349 1809 460 1870 temen
485 1823 584 1887 quam
599 1803 777 1869 seeundum
794 1809 940 1876 tenorem
964 1803 1189 1870 instructionis

64 1913 124 1996 ipsi
146 1935 165 1979 a
194 1913 289 1980 nobis
304 1913 448 1978 traditse
462 1913 513 1978 rel
529 1911 705 1978 secundum
721 1911 972 1994 commissiones,
988 1933 1069 1996 quas
1084 1912 1187 1978 direc-

65 2021 347 2088 cretensibus
361 2021 465 2088 nostri
480 2019 590 2086 daturi
600 2025 683 2103 sunt,
700 2024 861 2104 qnatenus
876 2023 985 2086 tamon
1001 2019 1188 2103 praedictae

66 2129 265 2198 instructioni
282 2135 379 2196 erunt
395 2125 583 2194 conformes

166 2255 213 2323 Et
237 2257 401 2341 accipient
425 2255 522 2320 iidem
546 2275 644 2340 super
669 2255 818 2322 omnibus
834 2261 867 2321 et
883 2255 1027 2342 singulis,
1043 2277 1126 2340 quae
1142 2255 1189 2322 sio

69 2365 238 2449 exposituri
262 2369 348 2448 sunt,
373 2363 570 2447 quietantia-s
595 2362 727 2428 idoneas
743 2367 777 2430 et
791 2360 995 2448 sufficientes,
1013 2369 1189 2450 curentque

68 2481 102 2538 ut
124 2473 221 2540 libros
245 2473 409 2539 rationum
434 2491 566 2537 sucmm
581 2469 630 2536 ita
646 2469 815 2538 ordinatos
830 2477 864 2537 et
880 2470 1022 2556 digestos
1038 2471 1189 2558 habeant

69 2586 103 2646 nt
117 2583 243 2667 expleto
259 2601 390 2666 quoquo
405 2601 499 2664 anno,
514 2584 573 2646 ent
588 2579 717 2664 quando
733 2579 827 2644 uobis
842 2579 1013 2665 ridebitur,
1029 2581 1188 2648 rationem

70 2689 194 2756 reddere
218 2696 251 2756 et
276 2711 349 2756 cnm
374 2687 574 2754 exhibitione
599 2687 859 2754 commissionum
884 2687 1139 2772 quietantiarum
1156 2695 1189 2755 et

71 2797 330 2866 certificationum
346 2795 490 2883 expediri
505 2795 641 2881 possint

167 2925 208 2991 In
218 2923 498 2992 commissionibus
508 2927 617 2989 eutem
631 2921 840 3008 expediendis
849 2921 903 2990 hic
918 2921 1033 2990 modus
1049 2923 1188 2992 servabi-

1 3091 2 3138 3
73 3033 129 3116 tur,
143 3038 178 3099 ut
187 3032 330 3100 director
348 3039 382 3098 et
397 3031 576 3100 consiliarii
592 3029 632 3097 de
647 3029 769 3096 talibus
785 3033 932 3117 expensis
955 3033 1041 3100 inter
1066 3055 1099 3100 se
1116 3055 1190 3100 oon·

73 3143 193 3209 veniant
216 3149 249 3209 et
280 3143 537 3208 commissionem
553 3141 725 3208 directoris
756 3146 790 3205 et
820 3142 916 3207 unius
948 3141 1124 3208 consiliarii
1140 3143 1190 3208 vel

1 3273 2 3325 ᾗ
73 3246 196 3316 duorum
221 3251 476 3317 consiliariorum
500 3271 599 3316 mann
615 3249 835 3334 subscriptam
851 3249 1003 3316 ordinent
1019 3272 1078 3335 pro
1095 3249 1191 3316 dictis

1 3363 2 3436 ξ
70 3357 313 3444 perceptoribus,
323 3359 379 3443 qui
397 3357 533 3424 eandem
549 3358 806 3424 commissionem
822 3379 896 3424 oum
911 3355 1086 3424 sufficienti
1102 3359 1190 3442 qnie-

1 3451 2 3515 ἶ
73 3467 166 3532 tentis
180 3473 238 3534 aut
253 3467 476 3550 recognitione
491 3489 551 3554 pro
564 3467 614 3532 sui
630 3465 835 3550 expeditione
853 3473 1049 3532 conservent

1 3661 2 3688 ¹
166 3591 260 3658 Idem
283 3592 502 3678 prohibemns,
527 3613 568 3658 ne
588 3591 688 3658 liceat
703 3592 753 3658 vel
770 3589 923 3660 directori
939 3597 973 3658 et
988 3591 1190 3675 consiliariis,

1 3752 3 3774 ‚
74 3699 116 3764 rel
137 3703 317 3787 perceptori
344 3708 402 3768 ant
421 3703 558 3769 solutori
573 3701 744 3787 pecuniam
760 3707 905 3768 nostram
922 3701 1061 3787 cuipiam
1077 3705 1190 3766 mutuo

1 3815 2 3909 J
74 3804 142 3874 dare
155 3816 188 3876 et
202 3831 244 3877 ue
260 3809 391 3896 quidem
407 3810 564 3877 salarium
581 3815 658 3876 ente
674 3814 812 3896 tempus

1 4007 2 4018 p
166 3937 330 4004 Salarium
361 3941 561 4004 menstruum
584 3935 647 4022 ipsi
670 3937 855 4022 perceptori
882 3941 915 4002 et
940 3935 1190 4018 contrascribae,

72 4041 157 4110 sicuti
180 4045 365 4130 secretario,
383 4045 539 4130 magistro
563 4047 727 4112 rationum
748 4051 781 4110 et
796 4043 919 4128 scribis,
935 4043 978 4110 ed
1001 4043 1190 4110 ratificatio-

73 4170 136 4217 nem
158 4157 265 4220 tcmen
289 4158 445 4239 nostram,
469 4175 530 4239 pro
554 4153 650 4220 modo
665 4151 815 4220 laborum
832 4159 865 4220 et
895 4153 1101 4220 servitiorum
1117 4175 1190 4219 oon·

1 4267 2 4343 ξ
74 4260 204 4328 stitcent

1 4363 2 4392 ³
169 4368 225 4437 Ad
240 4369 324 4436 heec
343 4391 448 4455 neque
465 4369 618 4437 directori
633 4393 738 4456 neque
755 4371 947 4438 consiliariis
964 4371 1084 4437 nostris
1093 4371 1192 4436 liceat

1 4525 2 4542 t
78 4495 127 4541 sua
148 4479 264 4546 salaria
279 4479 314 4544 in
330 4479 508 4564 tricesimis,
524 4465 604 4546 dicis
620 4479 671 4545 vel
686 4479 898 4565 proventibus
913 4481 986 4546 eliis
1000 4480 1118 4564 levare,
1134 4477 1192 4546 sed

81 4585 200 4672 quisque
225 4588 366 4672 accipiat
391 4607 484 4652 suum
500 4588 655 4654 salarium
672 4611 729 4655 suo
745 4594 900 4673 tempore,
916 4609 975 4673 per
989 4609 1104 4656 manus
1120 4609 1192 4674 per·

81 4699 211 4782 ureris,
227 4697 356 4764 conscio
372 4703 482 4764 tamen
498 4697 641 4766 oonsilio.
