3100 5420
319 551 382 618 516
692 557 810 614 nundum
826 557 1078 615 onsztoerllulssu.

317 735 395 800 victi
410 733 555 798 fuissent.
580 730 686 798 Prout
710 731 961 798 contradicimus
986 731 1205 815 praesentium
1221 727 1424 815 porrigerem.

317 841 443 908 Datum
459 837 667 924 Claudiopoli
682 844 733 904 20.
750 838 776 906 J
776 839 844 904 unii
860 860 947 906 anno
964 837 1087 906 domini
1105 843 1200 904 1607.

317 983 511 1052 Franciscus
536 981 686 1070 Daroczy
702 981 742 1048 de
757 983 863 1050 Deve·
900 981 1078 1049 Balthasar
1093 981 1220 1048 Kornis
1245 982 1427 1048 consiliarius

364 1092 489 1177 ghnyell
506 1113 587 1158 sacr.
607 1111 688 1157 caes.
705 1096 738 1157 et
754 1093 863 1176 regiae
944 1092 1157 1158 illustrissimi
1173 1092 1333 1177 principis

362 1199 547 1266 Maiestatis
563 1200 776 1266 consiliarius.
901 1200 1015 1266 Lulras
1031 1199 1199 1266 Trauzner
1214 1199 1403 1266 consiliarius

318 1309 496 1376 Balthasar
511 1307 647 1376 Szilvtsi
663 1308 865 1374 consiliarius
948 1313 982 1374 et
995 1309 1030 1373 in
1046 1307 1154 1374 sedria
1173 1307 1364 1392 praesidens.

363 1417 573 1484 illustrissimi
592 1417 756 1501 principis.
900 1417 1099 1486 Benedictus
1115 1415 1314 1484 Mindszenti
1337 1433 1430 1482 comes

319 1524 545 1610 sigismundus
555 1523 681 1591 Kornis
692 1525 730 1590 de
740 1523 865 1590 Ruzka.
946 1525 1118 1592 comitatus
1134 1525 1345 1590 Dobocensis.

317 1631 544 1718 Sigismnndus
561 1633 748 1718 Sarmasagi
759 1651 866 1698 comes
902 1631 1023 1698 Petrus
1037 1631 1149 1698 Banffi
1165 1633 1205 1698 de
1224 1632 1376 1698 Losonez.

363 1741 536 1807 comitatus
552 1739 761 1807 Thordensis.
904 1740 1055 1808 Clemens
1071 1740 1177 1806 Beldi.

317 1847 344 1915 J
346 1871 467 1918 oannes
482 1847 648 1934 Kalnolsy.
900 1845 1061 1934 Georgius
1077 1847 1288 1917 Bornemizza
1303 1849 1380 1914 iuris

205 1985 207 1992 ·
318 1960 451 2027 Blasius
467 1958 638 2044 Kamuthy
654 1957 694 2024 de
720 1957 840 2024 eadem.
945 1939 1114 2041 utriusque
1130 1957 1245 2024 doctor
1264 1962 1296 2022 et
1320 1955 1434 2022 sedriae

317 2068 443 2135 Paulus
459 2068 564 2134 Forro
581 2087 732 2134 assessor.
945 2067 1155 2132 illustrissimi
1174 2066 1329 2150 principis
1354 2085 1398 2130 as-

318 2175 431 2242 Simon
446 2173 550 2242 Lade.
946 2196 1058 2240 sessor.

318 2281 482 2366 Georgius
498 2280 603 2370 Nagy.
900 2279 1025 2348 Paulus
1041 2281 1165 2349 Koncz.

900 2388 1063 2458 Melchior
1077 2391 1262 2476 Bessenyei.

425 2527 550 2600 Jepyzet:
567 2523 716 2581 Mindenik
732 2521 895 2580 adraldirds
911 2525 1019 2580 mcllett
1030 2525 1140 2582 ldtlratd
1156 2544 1191 2581 aa
1207 2525 1297 2582 aldirt
1313 2521 1436 2597 pecsdje.

680 2631 817 2706 (Masolat
832 2651 849 2688 a
864 2632 1087 2708 dancrat-gylijt.)

863 2773 901 2858 d)

425 2894 496 2964 Nos
513 2893 738 2982 sigismundus
755 2893 900 2964 Rakoczi
915 2895 966 2962 dei
991 2897 1098 2981 gratia
1113 2896 1263 2980 princeps
1295 2895 1439 2979 Transyl-

319 3009 434 3074 vaniae
449 3007 593 3090 partium
609 3005 702 3090 regni
717 3001 910 3088 Hungariae
927 3005 1075 3071 dominus
1092 3010 1125 3070 et
1140 3001 1325 3070 Siculorum
1342 3023 1439 3070 comes

318 3121 378 3181 stc.
395 3113 621 3200 significamus
637 3119 748 3179 tenore
764 3114 969 3197 presentium,
987 3111 1104 3196 quibus
1124 3112 1254 3196 expedit
1278 3113 1440 3178 universis.

318 3221 414 3307 Quod
439 3245 512 3288 cum
536 3220 755 3307 superioribus
780 3221 895 3287 diebus
919 3221 1111 3288 reverendus
1136 3221 1284 3286 dominus
1300 3221 1441 3288 Joannes

318 3330 460 3415 Augenti
485 3329 650 3396 societatis
666 3329 691 3395 J
693 3349 758 3412 esu,
774 3334 872 3395 antea
888 3330 922 3394 in
932 3327 1167 3413 Transylrania
1181 3311 1398 3413 provincialis,
1412 3330 1442 3393 iu

320 3440 382 3506 hoc
397 3461 532 3522 regnum
548 3437 803 3523 Transylvaniae
819 3458 889 3502 eam
906 3437 948 3503 ob
958 3457 1090 3503 causam
1099 3438 1246 3522 venisset
1265 3445 1303 3505 ut
1319 3461 1340 3504 a
1354 3437 1442 3504 nobis

320 3556 353 3616 et
369 3545 507 3614 subditis
522 3547 641 3614 nostris
664 3548 699 3612 in
724 3547 811 3614 dicto
836 3567 936 3630 regno
961 3545 1216 3631 Transyluaniae
1241 3553 1275 3613 et
1299 3548 1442 3631 partibus

317 3656 510 3742 Hungariae
528 3655 644 3723 ditioni
658 3659 790 3720 nostrae
799 3653 961 3738 subiectis,
976 3653 1176 3739 impetraret,
1192 3655 1227 3718 in
1243 3656 1354 3738 priora
1370 3655 1442 3720 resi·

318 3765 448 3832 dentiae
464 3784 542 3830 suae
557 3764 630 3830 loca
646 3764 722 3830 olim
738 3785 758 3829 a
774 3763 848 3830 diso
872 3762 1039 3848 Stephano
1056 3783 1132 3847 rege
1147 3761 1314 3848 Poloniae,
1329 3784 1443 3848 magno

317 3875 399 3941 duce
415 3872 619 3955 Lithsaniae,
644 3878 677 3938 et
700 3872 843 3955 principe
869 3876 947 3938 tuno
961 3871 1131 3937 memorati
1146 3872 1240 3954 regni
1255 3871 1444 3957 Transylra·

317 3984 391 4048 niae
406 3981 552 4065 fundata,
577 3981 672 4046 simul
696 4003 768 4046 eum
793 3979 927 4062 reliquis
951 3979 1099 4064 patribus
1124 4000 1163 4044 ac
1186 3981 1352 4063 magistris
1378 3979 1445 4064 ejus
1541 3997 1542 4006 ³

319 4091 441 4156 ordinis
457 4087 585 4174 ingredi
608 4089 723 4173 licere;
740 4109 812 4154 eam
827 4109 897 4153 rem
921 4089 955 4153 in
974 4087 1113 4154 comitiis
1128 4087 1335 4172 generalibus
1352 4085 1445 4154 Olau-

318 4197 440 4282 diopoli
455 4199 498 4264 ad
526 4203 567 4263 10
593 4196 678 4262 diem
702 4199 821 4262 mensis
845 4196 941 4263 Junii
965 4197 1129 4281 praesenti
1163 4217 1249 4261 anno
1274 4197 1445 4262 celebratis
1540 4185 1542 4274 Ξ

316 4305 373 4371 diu
397 4305 572 4390 multisque
597 4305 756 4389 agitatam
782 4306 933 4390 consequi
957 4327 1022 4370 non
1047 4309 1231 4389 potuerunt.
1255 4303 1352 4370 Unde
1390 4323 1446 4368 nos
1540 4359 1542 4376 ⁴

316 4413 542 4496 praesentibus
558 4413 677 4506 nostris
688 4410 906 4496 testificamus,
917 4411 1048 4478 eosdem
1063 4417 1173 4496 patres
1189 4412 1356 4478 societatis
1367 4409 1392 4477 J
1394 4432 1447 4475 esu
1540 4417 1542 4484 ξ

317 4527 355 4583 ut
370 4518 481 4603 bonos,
506 4525 539 4584 et
564 4540 690 4585 morum
713 4519 903 4602 integritate
928 4523 1047 4602 gratos,
1072 4538 1137 4583 non
1161 4524 1296 4602 propter
1310 4517 1446 4602 alicujus
1540 4555 1542 4590 ς

317 4626 439 4709 vitium,
456 4647 568 4692 verum
583 4627 627 4691 ad
641 4627 830 4693 instantiam
855 4647 1009 4692 romanae
1034 4631 1067 4692 et
1084 4624 1264 4690 catholicae
1279 4623 1357 4690 fidei
1374 4645 1445 4690 con·
1540 4637 1542 4670 ³

314 4734 451 4800 trarians
468 4733 650 4817 opinionem
667 4736 867 4818 sequentium
885 4757 952 4800 csse
972 4734 1171 4816 deturbatos,
1191 4733 1350 4816 exclusos,
1367 4738 1399 4798 et
1416 4731 1445 4796 iu
1540 4789 1542 4808 .
