3088 5410
267 413 332 474 232
642 418 762 468 sacrm
777 409 1030 465 ossrluorttntssr.

264 610 324 674 per
334 609 392 654 nos
409 609 426 653 e
441 608 550 672 regno.
560 585 654 652 Inter
663 583 745 650 haec
755 587 866 648 sutem
881 577 1001 644 fuimus
1016 575 1052 640 in
1064 591 1154 658 pace.
1165 565 1200 634 A
1209 565 1255 632 M.
1265 565 1311 631 D.
1338 555 1448 625 Tua

266 717 324 762 nos
350 718 480 782 quoque
505 699 655 779 optamus
680 690 858 758 secundum
882 686 931 752 M.
949 685 991 752 D.
1007 689 1134 750 vestrae
1150 677 1246 768 fidem
1261 671 1447 754 scriptu-

171 885 174 892 ,
266 827 336 871 ram
361 811 395 870 et
418 804 614 888 promissum
630 799 718 884 quod
736 820 820 882 mag.
836 796 933 864 Dom
950 801 1060 859 restra
1078 789 1223 869 velimus,
1239 778 1448 859 intelligat

265 913 466 978 voluntatem
476 916 621 977 nostram
637 929 717 992 erga
732 906 866 974 Simeon
881 901 1059 982 vaivodam,
1069 894 1158 980 quod
1172 913 1232 959 nos
1247 880 1446 956 unanimi-

266 1015 885 1098 tervaivodaeRaduliadevsngelium
901 1009 1000 1077 fidem
1019 1003 1253 1092 praestitimus,
1277 1010 1446 1076 unaque

268 1150 341 1195 cum
356 1149 394 1193 eo
404 1127 551 1193 volumus
566 1125 675 1190 vivere
691 1129 726 1189 et
740 1122 833 1205 mori,
849 1141 950 1206 quam
974 1115 1076 1182 alium
1099 1109 1281 1197 principem
1304 1098 1444 1169 domi-

266 1236 347 1302 nari.
364 1233 401 1301 Si
417 1256 494 1318 ergo
510 1231 666 1300 vaivodae
682 1231 826 1300 Simeoni
842 1227 886 1294 ad
902 1226 985 1292 talis
1000 1223 1146 1290 animum
1160 1217 1305 1297 baberet,
1319 1212 1440 1276 iura·

266 1343 369 1408 vimus
394 1342 482 1428 quod
506 1343 654 1409 volumus
679 1363 700 1406 a
724 1340 849 1404 minore
864 1355 968 1419 usque
984 1332 1028 1399 ad
1042 1329 1151 1414 majus
1167 1345 1278 1393 omnes
1294 1324 1438 1387 contra

267 1471 339 1515 eum
364 1472 457 1516 arma
473 1471 597 1534 capere,
615 1449 777 1532 simulque
793 1445 878 1511 mori
894 1441 983 1527 quod
999 1463 1065 1506 non
1081 1439 1234 1519 deinceps
1250 1423 1435 1498 dominari

266 1558 301 1622 in
324 1577 425 1641 regno
450 1563 571 1624 nostro.
588 1555 751 1639 Quoniam
771 1559 883 1620 sutem
898 1571 984 1634 mag.
999 1548 1098 1615 Dom.
1114 1551 1256 1610 vestram
1272 1538 1346 1605 deus
1366 1531 1431 1600 ad
1524 1565 1533 1580 ·

266 1663 348 1730 haec
372 1665 603 1746 reconciliavit,
629 1663 718 1748 quod
733 1661 907 1747 pacificam
922 1657 1163 1725 remansionem
1188 1651 1289 1716 totius
1314 1641 1425 1726 regni
1543 1663 1544 1690 ¹

265 1771 368 1836 nostri
393 1771 435 1837 ad
456 1793 489 1837 se
505 1771 642 1836 levavit:
659 1770 782 1836 idcirco
799 1770 844 1835 sit
860 1767 949 1852 apud
963 1762 1230 1850 potentissimum
1246 1771 1422 1823 caesarem

266 1878 480 1962 omnibusque
504 1879 539 1944 in
563 1879 660 1944 rebus
685 1878 807 1943 nostris
833 1877 945 1942 fautor
969 1873 1109 1955 lucidus,
1134 1875 1173 1936 ut
1190 1870 1240 1934 ita
1255 1863 1345 1932 simul
1363 1857 1418 1924 de

175 2031 177 2040 ι
265 2005 331 2049 uns
356 1992 389 2050 et
414 1987 521 2052 altera
544 1991 638 2070 parte
655 1984 850 2050 haberemus
874 1984 910 2048 in
925 2003 1028 2066 regno
1044 1977 1285 2046 remansionem
1298 1967 1417 2056 pacifi-

266 2113 344 2156 cam.
369 2091 496 2160 Versus
513 2093 716 2159 Moldaviam
732 2098 844 2158 autam
860 2113 927 2156 uno
944 2110 1108 2157 consensu
1131 2085 1180 2151 M.
1196 2083 1239 2150 D.
1263 2102 1320 2145 rra
1333 2098 1412 2142 cum
1538 2117 1540 2145 t

265 2197 389 2265 Bektes
414 2201 520 2267 Bassa
544 2203 657 2285 legant
681 2201 829 2268 homines
855 2221 915 2284 per
940 2219 1023 2282 quos
1039 2195 1089 2262 M.
1104 2195 1149 2260 D.
1166 2199 1228 2259 tua
1242 2195 1275 2257 et
1289 2185 1410 2255 litteris

265 2303 407 2371 Simeoni
417 2308 572 2374 vaivodae
582 2307 724 2391 mandet,
735 2308 825 2392 quod
835 2308 903 2374 sint
913 2305 1062 2372 contenti
1072 2301 1160 2370 tanti
1170 2297 1315 2386 periculi,
1329 2294 1410 2378 quia

266 2415 390 2475 certum
416 2419 467 2478 est
483 2421 517 2480 et
541 2415 630 2498 apud
645 2436 729 2498 mag.
745 2413 843 2480 Dom.
860 2419 1006 2478 vostram
1023 2431 1125 2496 quam
1140 2404 1342 2472 horribiliter
1356 2399 1410 2464 dc-
1538 2406 1540 2419 ’

264 2521 430 2582 vastatum
447 2527 497 2586 est
513 2522 601 2587 istud
616 2543 762 2605 regnum,
779 2524 829 2588 its
844 2520 1033 2602 admodum,
1049 2523 1089 2584 ut
1104 2515 1218 2582 miseri
1235 2510 1338 2578 coloni
1352 2530 1408 2592 pro
1537 2524 1540 2557 '·

266 2641 377 2686 eorum
402 2628 502 2692 variis
528 2629 775 2695 excursionibus
801 2627 1004 2694 sufficientes
1020 2626 1066 2692 ad
1090 2623 1177 2690 nihil
1197 2642 1268 2688 esse
1282 2618 1409 2703 possint,

265 2725 423 2792 Similiter
442 2730 592 2799 Tartaris
608 2735 895 2801 Buchslriensibus
914 2731 1053 2800 mandet
1068 2753 1154 2815 mag.
1171 2729 1218 2796 D.
1234 2726 1314 2797 Vra
1329 2724 1410 2790 dein·
1539 2759 1540 2809 3

264 2853 338 2913 ceps
363 2855 429 2900 non
448 2841 631 2925 compilant,
648 2842 829 2926 devastent,
845 2841 1098 2926 impedientque
1114 2841 1179 2906 hoc
1197 2839 1350 2903 miserum
1364 2852 1409 2896 re·
1534 2809 1539 2858 Ι

264 2959 370 3018 gnum,
387 2945 466 3022 quia
481 2945 547 3010 iam
563 2947 623 3012 sub
647 2951 879 3032 potentissimo
899 2969 1034 3015 caesare
1050 2948 1207 3014 totaliter
1225 2967 1260 3010 se
1277 2939 1413 3010 contule·

264 3047 348 3105 runt.
364 3042 431 3110 Pro
448 3051 497 3114 rei
513 3059 623 3118 autem
647 3055 746 3120 huius
770 3061 906 3122 nostrae
929 3057 1074 3122 veritate
1092 3059 1127 3121 et
1142 3055 1260 3138 vigore
1275 3051 1414 3117 misimus

263 3145 305 3207 sd
321 3168 403 3230 mag.
421 3153 505 3220 dom.
522 3166 665 3225 vsstrsm
681 3184 754 3227 cum
771 3164 895 3228 litteris
912 3164 1035 3229 nostris
1051 3163 1115 3229 hos
1130 3167 1327 3248 praesentes
1342 3157 1416 3222 duos

263 3249 432 3319 Botrones
447 3258 638 3330 Manualem
655 3265 796 3334 Suleher
815 3277 848 3336 et
864 3270 1018 3338 Zlattam
1033 3269 1162 3336 Armas
1180 3291 1324 3354 quorum
1339 3284 1417 3347 mag·

262 3353 304 3471 D.
320 3361 378 3418 tua
394 3359 494 3429 fidem
510 3363 631 3435 habeat
647 3373 675 3436 ei
691 3374 771 3458 quid
788 3376 934 3443 dixerint
951 3379 1085 3444 nomine
1102 3385 1231 3445 nostro.
1250 3375 1419 3442 conforta

262 3479 364 3524 umus
380 3473 493 3534 autem
518 3475 631 3542 literas
647 3486 777 3546 nostras
802 3485 836 3548 in
853 3506 956 3568 regno
972 3485 1037 3552 hoo
1054 3487 1278 3552 existentium
1303 3483 1420 3549 Boua

262 3583 338 3627 num
353 3575 496 3686 propriis
513 3581 628 3661 sigillis
644 3587 785 3652 aliorum
802 3591 1023 3673 plurimorum
1038 3591 1237 3659 Bo‘eronum
1254 3593 1421 3658 voluntate

263 3672 295 3727 et
305 3679 538 3746 commissione.
550 3683 646 3766 Quod
655 3692 821 3775 reliquum
831 3704 882 3762 est
891 3699 1157 3766 illustrissimam
1167 3701 1213 3766 D.
1230 3701 1340 3768 Vram
1355 3695 1420 3762 feli·

263 3789 331 3832 cem
340 3775 448 3894 valere
458 3791 753 3864 optamusDatum
763 3821 803 3863 ex
814 3803 1184 3889 civitateTergowistia
1191 3807 1248 3873 die
1260 3812 1314 3872 11.
1325 3804 1351 3870 J
1351 3802 1422 3870 unii.

262 3868 359 3937 Anno
370 3877 427 3999 dni
438 3888 535 3955 1603.
546 3894 666 3963 Illmae
676 3901 719 3965 D.
729 3903 821 3972 Vrse
838 3911 938 3975 amici
948 3913 1047 3978 vicini
1060 3913 1227 3981 benevoli.
1239 3914 1349 3980 Totus
1358 3932 1423 3977 coe·

262 3977 314 4037 tus
329 3979 486 4054 nobrhum
503 4015 561 4061 seu
576 4001 767 4076 Boeronum
782 4017 878 4098 regni
893 4015 1082 4086 Valaehiae
1100 4021 1361 4107 Transalpinas.

368 4098 488 4182 Sigilla
507 4115 698 4193 Botronum

475 4227 563 4300 XII.

698 4255 864 4390 oa)
895 4265 1070 4396 (nso
1114 4272 1289 4403 os)

698 4411 863 4550 (hs)
904 4439 1126 4543 amam.-
