3042 5404
339 543 407 603 228
631 527 632 530 ι
713 550 832 598 cantara
848 549 1100 602 casaleerticlesrx.

342 716 452 784 herois
468 720 502 782 et
518 717 613 783 electi
628 713 783 782 vaivodae
798 714 1034 800 redigerentur,
1049 713 1160 781 miseri
1175 720 1210 782 et
1224 714 1349 782 subditi
1362 733 1450 782 corun

342 846 478 910 regnum
496 820 576 911 (sic)
587 823 741 890 adiuncto
758 823 880 891 auxilio
904 823 1103 890 liberalitate
1119 821 1317 891 Serenitatis
1332 823 1450 895 Vestrae

339 934 482 1019 pristina
498 931 681 998 conditione
696 933 731 1000 in
754 954 836 1017 pace
852 935 1127 1018 conservarentur,
1152 932 1215 998 hoe
1229 932 1326 1000 modo
1342 933 1449 998 litterae

259 1039 261 1045 ⁸
340 1041 404 1107 bae
420 1047 552 1108 nostrae
577 1063 749 1108 caesareae
773 1046 849 1108 sunt
874 1043 1024 1126 scriptae,
1048 1062 1107 1127 per
1132 1046 1302 1108 strenuum
1326 1045 1449 1107 nostrum

341 1149 470 1218 fidelem
486 1151 635 1218 lbrahim
651 1153 814 1218 ezausium
829 1151 864 1217 in
879 1148 1094 1236 fulgidissima
1108 1151 1360 1235 beatissimeque
1374 1155 1452 1235 porta

338 1267 453 1326 nostra
484 1263 676 1328 existentem
706 1259 917 1347 perferendae
948 1282 987 1327 ac
1018 1257 1198 1327 Serenitati
1220 1260 1361 1330 Vestrae
1387 1265 1448 1324 sunt

341 1370 468 1436 missae.

447 1477 605 1545 Convenit
629 1479 731 1562 igitur
756 1484 793 1546 ut
817 1479 878 1545 hac
903 1480 1039 1564 ratione,
1055 1485 1196 1563 mutuae,
1213 1480 1380 1564 constanti,
1393 1499 1451 1564 per·

337 1594 522 1674 petuaeque
537 1588 756 1654 familiaritati
771 1589 997 1671 vicinitatique
1022 1587 1121 1672 digna
1134 1589 1379 1673 necessariaque
1392 1608 1451 1653 cen·

337 1695 410 1760 silia
425 1696 596 1779 mirentur,
612 1717 752 1780 quonam
776 1695 871 1762 modo
897 1693 1137 1764 Germanorum
1161 1697 1379 1780 grassantium
1403 1693 1454 1762 ho·

337 1805 435 1870 stium
459 1805 580 1889 copiae,
606 1804 745 1870 subditis
769 1805 862 1888 regni
879 1804 1125 1872 Transilvaniae
1159 1827 1287 1871 omnem
1317 1805 1451 1870 iniuriam

336 1909 477 1978 inferent
462 1917 513 1978 tes
539 1913 733 1997 illorumque
758 1913 844 1980 bona
859 1915 945 1980 omni
964 1913 1080 1980 fraude
1096 1911 1315 1997 despoliantes
1331 1912 1452 1979 crudeli·
1517 1944 1521 2016 4

336 2025 473 2106 tateque
489 2022 597 2087 omnia
613 2021 819 2087 devastantes
835 2021 866 2088 vi
890 2021 1092 2088 vindicarent
1078 2027 1141 2088 t.ur
1156 2020 1204 2087 Et
1219 2029 1257 2087 ut
1273 2021 1453 2106 supradeno
1518 2024 1521 2103 ἱ

337 2128 441 2194 minat
442 2150 534 2194 orum
550 2128 592 2196 ob
617 2150 748 2196 causam
763 2129 926 2196 illustrem
942 2135 976 2195 et
990 2129 1196 2214 magnificum
1214 2127 1377 2195 dominum
1391 2151 1453 2194 can-
1486 2173 1491 2178 -
1519 2106 1521 2235 l

334 2235 503 2302 cellarium
527 2237 673 2320 plenario
708 2239 853 2304 exercitu
886 2239 1029 2322 equestri
1064 2235 1178 2323 pedite
1158 2241 1297 2322 atusque
1323 2237 1454 2303 exercitu
1520 2288 1521 2295 ,

335 2345 414 2430 quin
430 2343 595 2412 Serenitas
610 2345 694 2415 Vest
680 2351 733 2412 tra
757 2347 888 2412 mittere
912 2345 1111 2430 dignaretur,
1130 2347 1232 2412 amice
1257 2347 1454 2432 postulamus

335 2449 428 2535 Quae
443 2459 607 2540 postremo
624 2455 769 2538 generali
794 2456 994 2521 exercituum
1020 2461 1201 2522 vestrorum
1216 2455 1260 2520 ad
1274 2454 1396 2521 bellum
1409 2474 1455 2518 ex·

334 2561 496 2646 pedienda
511 2564 695 2629 necessaria
709 2563 779 2628 visa
788 2562 911 2630 fuerint
920 2568 958 2629 ut
968 2565 1107 2630 electum
1115 2563 1285 2630 vaivodam
1295 2563 1454 2629 certiorem

335 2669 468 2754 faceret,
493 2671 578 2738 diem
603 2673 794 2756 assignaret,
819 2694 884 2739 uno
910 2670 1086 2756 eodemque
1111 2677 1258 2757 tempore
1284 2691 1324 2736 ex
1339 2669 1455 2736 duabus

335 2778 485 2867 partibus
510 2781 646 2846 consilio
670 2785 778 2846 vestro
803 2802 843 2846 ac
858 2801 1016 2847 consensu
1030 2780 1174 2846 unanimi
1200 2777 1455 2846 Transsilraniae

332 2908 470 2969 regnum
487 2887 623 2971 ingredi,
648 2887 842 2972 abantiquo
867 2893 1021 2974 tempore,
1040 2909 1104 2972 quo
1121 2892 1212 2952 statu
1227 2909 1266 2953 ec
1282 2885 1455 2953 conditione

334 3017 437 3080 regna
453 2997 555 3062 totius
570 2995 763 3080 provinciae,
787 2995 982 3081 illorumque
1005 3016 1096 3062 arces
1121 2993 1321 3078 gubernatae
1344 2993 1458 3060 fuerint

335 3113 369 3172 et
384 3110 423 3171 ut
447 3125 533 3170 nunc
558 3102 715 3168 eiusmodi
741 3101 925 3170 conditione
945 3103 1053 3170 omnia
1067 3103 1102 3168 in
1116 3107 1315 3187 potestatem
1329 3121 1456 3186 praece

332 3215 449 3281 minati
473 3213 570 3278 electi
594 3211 748 3277 vaivodae
773 3213 1032 3296 restituerentur,
1056 3211 1171 3294 illique
1188 3211 1331 3296 consilio,
1347 3209 1457 3292 studio,

334 3321 520 3405 auxilioque
537 3341 594 3386 suo
611 3318 725 3386 adesse
749 3319 857 3403 vellet,
874 3341 938 3404 quo
954 3319 1063 3385 miseri
1078 3318 1135 3384 isti
1150 3317 1282 3404 subditi,
1298 3338 1456 3402 regnaque

332 3433 432 3498 totius
448 3429 632 3514 provinciae
648 3449 727 3493 cura
741 3433 852 3492 vestra
867 3429 901 3492 in
916 3449 995 3512 pace
1015 3433 1292 3492 conservarentur.

436 3535 514 3606 Non
528 3541 566 3604 ut
590 3534 825 3620 sigismundus,
850 3537 907 3620 qui
931 3535 1088 3620 optimam
1103 3532 1237 3600 divitem
1253 3535 1456 3618 omniumque

330 3667 441 3714 rerum
456 3644 676 3714 abundantem
700 3644 899 3732 provinciam
924 3643 1169 3709 Transilvaniae
1195 3662 1331 3726 regnum
1346 3642 1457 3727 illique

330 3753 614 3840 praeordinatione
639 3753 749 3820 divina
772 3773 959 3818 eoncessum
974 3772 1033 3835 pro
1049 3749 1150 3816 nihilo
1169 3747 1322 3834 habebat,
1337 3772 1459 3817 summa
1496 3765 1504 3774 '

329 3863 507 3946 ignominia
523 3863 759 3946 contemnebat,
785 3860 926 3928 creatori
951 3860 1166 3945 omnipotenti
1182 3881 1242 3944 pro
1260 3859 1349 3925 hisce
1364 3857 1456 3924 donis

330 3971 455 4058 gratias
470 3991 535 4035 non
551 3968 678 4056 agebat,
694 3969 752 4036 sed
767 3990 866 4035 suasu
881 3967 1121 4035 Germanorum
1136 3967 1287 4034 hostibus
1301 3969 1367 4034 illis
1382 3967 1459 4052 ipsi-

330 4082 461 4162 metque
477 4077 694 4146 fallacissimis
710 4077 918 4163 adplecitum
927 4077 1140 4164 pertinaciter
1155 4075 1362 4160 adhaerebat,
1376 4075 1459 4160 opti-

330 4207 419 4251 mum
433 4185 517 4250 illud
531 4207 667 4270 regnum
685 4186 932 4252 Transilvaniae
948 4184 1097 4251 omnibus
1112 4184 1146 4248 in
1162 4183 1242 4249 locis
1258 4181 1459 4265 devastabat,

329 4295 528 4380 miserosque
553 4297 621 4362 eius
645 4297 739 4380 regni
764 4295 894 4362 colonos
919 4293 971 4360 vel
986 4292 1134 4360 subditos
1149 4291 1321 4378 prodebat,
1335 4292 1409 4357 illos
1424 4292 1459 4356 in

331 4407 510 4468 extremam
525 4403 689 4470 miseriam
704 4403 747 4470 ad
762 4424 888 4469 omnem
907 4401 1083 4486 perniciem
1097 4399 1276 4482 redigebat.

436 4508 575 4576 Illorum
600 4509 731 4594 quidem
755 4511 946 4578 miserorum
970 4509 1145 4576 lachrimas
1160 4508 1362 4594 gemitusque
1375 4505 1459 4574 deus

329 4619 531 4702 omnipotens
546 4617 688 4704 audiens,
714 4625 896 4704 acceptans,
914 4621 963 4684 ita
979 4617 1067 4704 quod
1081 4617 1248 4702 hucusque
1265 4617 1322 4702 qui
1338 4617 1458 4684 Trans·

329 4728 484 4794 silvaniac
500 4748 636 4812 regnum
652 4727 683 4794 vi
707 4749 867 4813 occupare
885 4725 1022 4812 ingressi
1038 4723 1168 4812 luerint,
1184 4723 1357 4792 deterrime
1370 4724 1460 4809 peri·
