3062 5414
406 553 501 606 1602.
517 570 577 606 sis.
596 551 623 606 7.
634 579 677 588 -
688 557 784 606 nlrcz.
802 551 853 608 25.
1135 551 1196 614 lll

77 717 174 784 videet
190 718 270 801 quid
294 722 335 786 de
362 743 400 788 eo
427 721 589 805 egendum
613 723 665 804 sit,
682 727 715 786 et
740 720 840 788 offero
856 719 1012 806 obsequie
1031 731 1152 805 nostro,
1170 732 1200 792 3.

76 831 142 890 sont
157 827 265 895 Albae
281 833 394 914 nostri,
410 837 444 896 et
469 831 510 896 D.
526 830 636 895 Lucas
652 836 824 912 aegrotus;
840 829 893 896 hic
909 853 1018 897 sumus
1037 837 1087 916 ll,
1113 835 1199 918 apud

76 937 304 1004 serenissimum
328 939 366 1004 P.
391 935 566 1021 Antonius,
592 938 656 1004 duo
671 937 832 1006 Varadini
849 961 930 1022 quos
947 941 1135 1008 commendo
1151 964 1199 1006 re-

75 1063 131 1107 ver.
145 1043 187 1109 D.
201 1045 318 1114 V.du0
337 1067 438 1130 prope
457 1046 596 1112 Sakmer
613 1067 685 1112 cum
711 1046 841 1112 domino
860 1046 1071 1131 Prepostuori
1090 1056 1124 1114 et
1140 1050 1195 1116 do·

75 1153 153 1216 mino
169 1151 353 1239 Kerestury
378 1177 452 1220 cum
477 1154 595 1238 quibus
619 1161 668 1220 est
692 1153 816 1240 Pinlry:
834 1153 881 1238 (P)
897 1156 951 1240 elij
969 1157 1057 1222 missi
1074 1160 1199 1224 suntin

75 1256 211 1344 Austriey
227 1263 252 1326 si
264 1284 327 1326 rev.
338 1261 421 1328 dom.
431 1262 673 1344 vestreredeot‚
690 1283 791 1346 queso
811 1269 903 1346 petat
919 1285 939 1328 a
955 1263 995 1329 R„
1011 1264 1048 1330 P.
1059 1261 1198 1330 Allonso

76 1367 125 1432 det
139 1369 199 1451 ipsi
217 1374 267 1435 12.
284 1377 342 1434 eut
361 1375 410 1435 15.
427 1393 466 1435 ex
476 1371 605 1452 nostrie,
621 1377 659 1434 ut
675 1371 755 1434 eatis
771 1369 937 1454 iaciamus,
954 1372 1009 1436 sed
1026 1379 1100 1456 post
1116 1395 1197 1438 mes·

76 1477 386 1561 semermemque
412 1500 476 1542 non
503 1485 553 1543 eet
568 1478 653 1543 unde
679 1477 818 1544 alantur.
844 1478 1003 1544 Dominus
1029 1487 1198 1546 conseruet

75 1605 132 1646 rev.
148 1584 229 1649 (lom.
254 1593 404 1670 vestram,
430 1593 463 1650 et
488 1607 567 1667 rogo
593 1587 620 1649 si
637 1585 756 1650 uiderit
772 1585 811 1651 R„
828 1585 865 1651 P.
891 1585 1075 1670 Allonem,
1092 1595 1198 1656 vertat

76 1694 117 1758 illi
132 1696 191 1760 dici
207 1719 258 1762 me
274 1697 439 1780 scripsisse
455 1718 514 1779 per
530 1695 571 1760 D.
588 1695 743 1780 Segnyey,
754 1697 810 1779 qui
827 1697 970 1762 mittitur
986 1697 1027 1762 ed
1044 1697 1077 1764 S.
1094 1696 1129 1762 (l.
1148 1697 1197 1763 M.

76 1804 181 1868 etiem
206 1825 270 1870 oon
295 1805 372 1870 licet
388 1805 443 1888 qui
460 1803 501 1870 D.
521 1803 680 1886 Benhogy
705 1802 848 1884 festinat,
874 1827 924 1870 me
950 1827 1022 1870 cum
1048 1807 1197 1872 omnibus

75 1913 185 1975 nostris
208 1911 375 1976 humiliter
400 1913 588 1978 commendo
612 1934 678 1977 reu.
695 1911 736 1976 D.
761 1919 894 1978 vestroe.
921 1911 1128 1998 Claudiopoli
1147 1919 1197 1980 10.

76 2015 181 2102 Mertij
201 2023 295 2084 1602.

334 2127 412 2193 Rev.
429 2128 513 2193 dom.
530 2133 656 2194 vestrae

624 2257 737 2300 seruus
755 2235 888 2300 humilis
904 2237 938 2301 in
955 2235 1086 2303 Christo

700 2343 820 2408 Petrus
836 2341 996 2410 Maiorius

710 2455 877 2519 societatis
893 2452 918 2518 J
920 2475 987 2518 esu.

174 2609 310 2662 Kitlcelm:
333 2605 579 2662 Reuereoilissimo
596 2607 708 2661 domino
734 2605 770 2663 l).
787 2606 932 2662 Demetrio
949 2605 1085 2680 Noprcgy
1103 2608 1193 2664 electo

4 2689 5 2752 s
76 2697 196 2768 episcopo
211 2697 430 2753 'l'ronsilvenioo
446 2703 499 2752 etc.
515 2697 544 2750 in
561 2693 675 2750 Christo
691 2697 959 2752 obseruandiesimo.

332 2859 485 2931 (Eredetije
501 2877 518 2914 s
534 2857 609 2914 bessi
626 2877 664 2916 cs.
680 2859 744 2915 titlr.
761 2859 791 2914 lt.
809 2855 916 2928 liung.)

578 3087 677 3158 XIV.

359 3233 891 3317 1602.jan.7.-morcz.25.

408 3388 494 3440 Baelo
514 3389 604 3440 leorln'
621 3407 638 3440 a
654 3387 835 3440 mehemet-lez.

169 3519 376 3590 Litterae
409 3523 617 3588 illustris
651 3521 926 3606 spectabilis
959 3528 1002 3586 et
1034 3521 1191 3602 mogoi-

75 3623 143 3693 fici
183 3631 283 3698 dom.
325 3633 425 3697 doni.
461 3629 649 3714 Georgii
693 3629 1190 3698 Bostiieoer.Rom.im-

4 3727 5 3818 J
76 3737 1189 3824 per.MttisexercitueperTrensylvoniamgene-

75 3845 172 3910 rolis
204 3849 436 3933 capitanei
468 3869 603 3932 super
628 3846 721 3912 telo
754 3845 952 3911 Silesico
978 3845 1189 3928 scriptae,

75 3960 111 4016 at
138 3977 210 4038 per
241 3955 455 4022 hominem
495 3955 743 4040 simplicem
778 3959 912 4037 atque
952 3951 1187 4018 obscurum

76 4061 116 4125 ad
137 4061 422 4130 (libinienses
450 4064 759 4129 transmissae.

169 4187 255 4254 Hert
279 4189 541 4270 Burgermeister
566 4188 632 4254 und
657 4187 734 4252 herr
759 4185 1013 4266 Konigsrieliter
1032 4187 1089 4252 der
1104 4186 1190 4250 Her-

77 4297 232 4362 monstotlt.
249 4297 325 4362 Wir
340 4297 448 4362 haben
465 4299 498 4362 in
514 4299 617 4380 wenig
634 4295 746 4378 Tagen
763 4317 835 4360 zum
855 4297 1030 4375 wl=nigeten
1046 4297 1113 4360 vier
1129 4319 1189 4360 von

78 4419 161 4468 coreo
175 4403 280 4470 Boten
297 4405 381 4470 ohne
392 4403 699 4488 einigesSclireiben
715 4404 915 4486 bekemmen,
932 4403 997 4468 uod
1014 4425 1074 4468 von
1091 4403 1189 4468 ihoen

4 4561 5 4564 ,
78 4528 275 4596 rernommen,
291 4515 349 4578 wie
375 4512 427 4576 ihr
451 4535 549 4594 gerne
577 4514 755 4578 succuriert
774 4511 841 4576 uod
857 4511 1039 4594 entlendigt
1063 4513 1189 4576 werden

77 4620 176 4704 wellet,
191 4621 327 4688 welches
344 4623 401 4686 wir
417 4621 499 4688 auch
521 4621 746 4687 desiderieren.
762 4620 859 4685 Denn
875 4620 932 4685 wir
947 4641 1024 4704 seyo
1041 4619 1189 4702 schuldig

77 4723 119 4789 ltr
133 4727 216 4794 ihrer
231 4731 319 4814 kays.
336 4727 421 4795 Mth.
438 4729 675 4814 Uuterthanen,
692 4730 744 4794 die
760 4735 875 4812 gotreu
892 4749 978 4812 eeyo,
995 4751 1091 4793 unser
1107 4729 1189 4794 Blut
