3032 5418
513 526 605 580 1606.
621 532 679 582 scs.
698 529 748 582 28.
1128 523 1192 584 421

65 697 294 781 jelenletekbcn
321 699 340 762 ὅ
366 695 486 780 felsege
512 720 527 762 s
553 719 587 762 ez
613 698 769 764 hazdnalr'
782 699 898 784 javara
923 701 1000 786 adja
1016 723 1053 766 az
1068 702 1194 768 aristen

66 805 359 889 jdlvegezhessiinlr.
371 803 472 871 Secus
489 827 553 871 non
568 805 696 892 facturi,
712 811 745 874 et
761 805 898 874 feliciter
914 808 1054 876 valeant.
1070 807 1196 876 Datum

70 910 170 978 Albae
185 913 296 979 Juliae
314 917 365 978 28.
385 912 479 978 Junii
497 917 592 980 1606.

173 1021 212 1092 G.
227 1023 267 1089 E.
282 1021 326 1089 Ν.
343 1027 375 1088 ct
391 1019 456 1107 Ag.
470 1021 516 1088 D.
531 1045 623 1088 vrum
857 1026 979 1091 amicus

707 1131 932 1217 Sigismundus
947 1134 1109 1220 Rakdczy.

170 1267 311 1321 Kalcsr'ra:
328 1265 420 1336 Spect.
438 1266 504 1336 Egr.
530 1268 595 1323 nob.
621 1273 650 1322 ot
675 1267 799 1340 agilibus
825 1267 983 1340 capitaneis
1006 1267 1151 1340 judicibus
1168 1285 1196 1322 v.

68 1359 122 1428 jud.
137 1357 220 1428 regiis
237 1357 304 1410 item
321 1356 490 1426 primoribus
515 1357 672 1427 potioribus
688 1358 838 1429 primipilis
858 1377 891 1413 ac
916 1359 1095 1414 universitati
1111 1358 1195 1412 liber-

72 1449 184 1503 tinorum
200 1447 357 1502 Siculorum
375 1447 482 1502 sedium
499 1445 583 1502 Sicul.
605 1446 673 1503 Csilr
689 1447 826 1521 Gyergyd
851 1447 968 1506 dezon
994 1454 1047 1506 ctc.
1075 1447 1197 1504 dominis

73 1539 162 1596 amicis
178 1537 359 1594 honorandis.

361 1679 528 1751 (la-aletae!
543 1690 561 1739 t.
577 1681 653 1736 alite
671 1681 699 1740 S.
718 1703 750 1738 io·
763 1678 901 1754 (nsipiens.)

522 1867 739 1938 XXXVIII.

459 2015 644 2102 rece.je1.
663 2019 805 2082 13-16.

281 2153 307 2206 Α
316 2152 459 2223 fradre-dri
473 2153 521 2220 fal.
538 2152 624 2206 Id-ilri
642 2153 827 2222 oreaiypplilds
843 2155 981 2224 666666ῃεί.

175 2285 355 2374 Spectabili
374 2309 412 2353 ac
421 2287 594 2372 magnifico
620 2288 749 2354 dominc
766 2287 972 2373 Sigismundo
989 2289 1132 2356 Ralrdczi
1149 2311 1200 2354 su·

2 2407 3 2414 ’
76 2419 176 2482 premo
193 2397 377 2464 consiliario
388 2405 509 2480 nostro,
519 2397 676 2481 regnique
692 2399 795 2463 nostri
812 2398 1067 2482 Transylvaniae
1084 2398 1200 2481 guber-

76 2507 175 2572 natori
191 2527 317 2570 necnon
334 2506 442 2571 comiti
459 2506 633 2570 comitatus
649 2505 877 2572 Borsodiensis
892 2507 1112 2591 praescriptas
1128 2507 1200 2574 lite-

2 2695 3 2706 ,
77 2637 125 2680 ras
139 2621 265 2680 nostras
282 2611 576 2680 confirmationales
593 2615 779 2680 authentico
797 2615 904 2699 sigillo
922 2620 1032 2681 nostro
1048 2615 1200 2698 munitas,

2 2713 3 2774 Ϊ
78 2724 216 2790 omnibus
241 2721 408 2789 ordinibus
434 2721 678 2788 Transilvaniae
699 2724 907 2808 exhibendae,
927 2724 969 2790 ad
985 2721 1202 2790 confirmatio·

79 2853 144 2897 nem
168 2831 380 2897 articulorum
413 2830 696 2916 infrascriptomm
722 2833 902 2917 plenariam
927 2839 960 2898 et
986 2832 1202 2898 omnimodam

80 2940 225 3023 dedimus,
245 2939 425 3022 damusque
444 2939 688 3006 authoritatem
720 2941 844 3006 Datum
871 2941 904 3006 in
936 2941 1066 3006 civitate
1089 2945 1203 3007 nostra

2 3111 3 3146 ,
79 3047 172 3115 libera
188 3047 391 3116 Caesariensi
409 3047 461 3112 die
480 3052 529 3114 17.
546 3049 664 3114 mensis
680 3047 774 3134 Maji.
791 3046 891 3114 Auno
907 3047 1028 3113 domini
1048 3053 1141 3113 1606.

177 3192 246 3260 Nos
258 3191 483 3277 sigismundus
494 3191 637 3258 dedczi
655 3193 694 3257 de
711 3191 851 3277 Vadasz,
868 3191 1064 3258 serenissimi
1082 3191 1203 3256 domini

81 3301 192 3367 domini
202 3301 359 3388 Stephani
371 3301 423 3366 dei
434 3302 539 3386 gratia
549 3301 742 3385 Hungariae
753 3301 1071 3386 Transylvaniaeque
1088 3300 1204 3386 princi·

82 3411 134 3494 pis,
157 3435 193 3478 ac
209 3411 392 3479 Siculorum
411 3411 537 3476 comitis
563 3419 622 3477 etc.
643 3411 845 3477 consiliarius
861 3433 919 3496 per
936 3409 1205 3495 Transylvauiam

83 3521 230 3601 generalis
255 3519 446 3606 capitaneus
472 3525 505 3584 et
530 3518 740 3604 gubernator,
766 3541 890 3586 necnon
907 3540 1015 3584 comes
1031 3518 1205 3584 comitatus

83 3626 302 3694 Borsodicnsis
313 3634 373 3694 etc.
389 3629 563 3694 memoriae
580 3629 841 3694 commendamus
857 3633 969 3693 tenore
985 3625 1205 3711 praesentium

85 3735 300 3820 significantes,
326 3736 443 3820 quibus
469 3735 599 3820 expedit
619 3736 775 3802 universis
802 3741 835 3800 et
858 3735 1001 3818 siugulis,
1027 3732 1114 3816 quod
1139 3755 1207 3798 ms-

2 3893 3 3926 ,
87 3843 192 3930 gnifici,
217 3845 373 3929 generosi,
397 3845 518 3928 egregii
544 3849 576 3909 66
592 3843 717 3910 nobiles
732 3845 824 3928 regni
840 3843 937 3928 hujus
953 3840 1207 3926 Transylvaniae

2 3971 3 4010 i
88 3953 292 4019 exhibuerunt
316 3961 348 4019 et
372 3959 659 4038 praesentaverunt
690 3954 784 4020 nobis
810 3951 966 4038 quosdam
982 3949 1208 4035 infrascriptos

89 4061 230 4128 articulos
240 4061 274 4126 in
288 4061 483 4146 partialibus
500 4083 611 4127 eorum
627 4062 767 4128 comitiis
784 4062 825 4127 ad
842 4061 926 4125 diem
945 4064 995 4125 13.
1012 4059 1130 4124 mensis
1146 4056 1172 4123 J
1173 4081 1208 4123 u·

89 4167 118 4232 lii
141 4191 221 4236 anno
247 4169 480 4236 domini1606.
507 4193 546 4234 ex
572 4169 677 4236 edicto
703 4175 815 4236 nostro
831 4169 885 4233 hic
901 4165 1010 4233 Albae
1027 4165 1141 4234 Juliae
1159 4188 1208 4232 ce·

89 4274 218 4362 lebratis,
244 4279 421 4362 conclusos,
448 4279 667 4364 supplicantes
693 4275 786 4344 nobis
805 4283 842 4342 ut
858 4277 1023 4341 universos
1049 4281 1082 4340 et
1098 4277 1206 4359 singu·

2 4388 3 4440 l
89 4382 130 4448 los
144 4387 358 4471 praescriptos
374 4387 539 4470 articulos,
556 4388 727 4472 omniaque
745 4391 778 4452 et
803 4383 930 4468 singula
945 4383 979 4449 in
996 4384 1117 4449 eisdem
1134 4404 1209 4450 con·

2 4542 3 4550 ,
92 4496 305 4578 tentansque
330 4495 518 4562 ulteriorem
545 4517 622 4560 suae
649 4495 834 4560 serenitatis
853 4493 1093 4577 resolutionem,
1111 4498 1209 4576 ratos,

91 4609 189 4682 gratos
214 4610 246 4670 et
272 4610 407 4688 accepta
422 4603 580 4668 habentes
598 4603 657 4668 sub
674 4601 907 4686 chyrographo,
925 4607 957 4666 ct
974 4601 1081 4684 sigillo
1098 4607 1210 4667 nostro

92 4711 242 4784 extradari
259 4712 475 4806 dignaremur.
494 4710 639 4806 Quorum
656 4711 785 4806 quidem
802 4717 895 4784 tenor
911 4711 988 4776 talis
1004 4717 1062 4784 est.
