3062 5414
362 487 424 550 126
733 497 852 545 1111611111
868 495 1121 546 cuncordnasnn.

360 685 519 748 curamus,
538 664 626 747 quod
651 663 910 746 quandocunque
936 683 1013 726 suae
1038 661 1207 725 screnitati
1229 665 1375 724 mutuum
1386 657 1465 721 collo·

361 773 473 855 quium
489 772 691 855 probabitur,
709 792 769 836 nos
786 791 915 853 quoque
931 769 1013 834 nihil
1032 767 1278 858 refragabimur,
1295 774 1332 832 ut
1341 766 1465 830 videlicet
1485 774 1491 782 '

360 903 433 945 cum
442 877 552 944 Albae
566 879 592 944 J
593 880 679 944 uliae
695 879 1070 962 appropinquaverimus,
1086 899 1146 942 sua
1161 877 1321 942 serenitas
1335 875 1429 939 missis
1436 871 1468 937 ad

360 1011 419 1054 nos
444 989 578 1070 nunciis,
605 987 774 1052 consilium
789 986 1055 1068 voluntatemque
1072 985 1199 1049 deloco
1215 985 1375 1067 modoque
1389 982 1467 1047 collo

360 1097 427 1179 quii
453 1119 544 1161 suam
570 1095 663 1159 nobis
683 1095 818 1178 aperiat,
843 1101 881 1158 ut
897 1094 931 1158 id
948 1115 1046 1177 quam
1062 1093 1276 1158 secretissime
1292 1091 1363 1156 fieri
1378 1075 1468 1175 possit¹
1493 1163 1494 1174 ,

359 1226 417 1269 nos
444 1204 541 1268 etiam
565 1204 695 1268 interim
721 1201 801 1287 quid
826 1203 1004 1268 consultius
1024 1203 1069 1267 sit
1084 1201 1230 1267 futurum
1247 1199 1469 1266 consiliamini-

359 1311 474 1376 bimus.

466 1416 522 1484 Ad
546 1418 759 1484 undecimum.
785 1415 882 1500 Quod
906 1439 966 1482 sua
990 1420 1149 1483 serenitas
1174 1419 1286 1502 copias
1306 1418 1348 1484 ad
1365 1417 1468 1482 Deum

362 1529 512 1610 coegerit,
538 1528 635 1593 certis
663 1527 702 1592 de
729 1527 834 1592 causis
853 1525 976 1592 factum
995 1547 1065 1592 6666
1080 1526 1177 1592 166116
1193 1526 1469 1602 animadvertimus,

361 1655 401 1698 ex
418 1635 534 1718 quibua
551 1633 780 1718 stipendiarios
801 1655 860 1699 sua
876 1635 1034 1700 serenitas
1059 1634 1147 1718 apud
1172 1656 1206 1699 66
1221 1634 1346 1700 habere
1361 1632 1469 1719 poterit

361 1738 515 1807 Ceterum
532 1741 574 1806 ad
591 1740 727 1826 SiculoS,
737 1741 896 1807 haidones
908 1747 941 1806 et
957 1739 1103 1807 Saxones
1120 1763 1179 1806 sua
1194 1744 1355 1808 serenitas
1373 1741 1470 1806 adsue

361 1872 507 1934 quosque
524 1849 669 1915 dimittat
684 1850 898 1934 postulamus,
922 1871 1028 1933 neque
1045 1872 1119 1915 eum
1135 1853 1318 1936 composita
1333 1852 1396 1915 iam
1408 1869 1471 1932 pace

360 1959 436 2023 ullis
453 1957 591 2042 amplius
607 1957 719 2022 usibus
735 1959 935 2024 necessarios
952 1979 1020 2024 6666
1040 1959 1195 2041 ducimus,
1212 1981 1285 2024 cum
1301 1957 1472 2044 praesertim

363 2087 419 2130 eae
436 2065 603 2130 nobiscum
630 2065 695 2129 sint
710 2086 792 2130 sacr.
809 2065 990 2130 maiestatis
1008 2067 1130 2150 copiae,
1155 2067 1242 2131 utin
1258 2083 1473 2132 omnemooca·

363 2173 485 2237 sionem
510 2192 569 2254 pro
595 2170 781 2238 defensione
806 2174 995 2256 prouinciae
1020 2171 1169 2238 sufficere
1184 2175 1321 2258 possint
1338 2171 1474 2239 Necessa-

362 2282 447 2346 rium
471 2285 641 2363 praeterea
665 2278 764 2344 fuerit
780 2279 907 2346 Siculos
933 2281 1064 2347 domum
1089 2282 1222 2364 remitti,
1238 2282 1398 2364 siquidem
1412 2277 1475 2362 ipsis

364 2389 550 2456 absentibus
565 2387 741 2454 haidonum
757 2391 978 2455 exercitumin
1003 2389 1255 2475 Transalpinam
1271 2394 1475 2456 transeuntem

363 2519 429 2564 non
444 2497 529 2562 16116
553 2495 672 2562 damna
696 2498 775 2581 ipsis
799 2497 913 2563 inferri
938 2504 1079 2583 possent,
1096 2519 1180 2582 quae
1200 2498 1290 2563 domi
1306 2501 1476 2583 praesentes

361 2605 489 2670 facilius
506 2605 674 2670 evitarent.

468 2709 526 2777 Ad
551 2711 785 2778 duodecimum.
809 2712 852 2778 In
876 2713 927 2780 his
952 2735 1050 2798 porro
1067 2714 1217 2780 omnibus
1234 2720 1267 2779 61
1283 2714 1437 2780 similibus
1450 2709 1476 2774 in

364 2821 482 2906 quibus
508 2819 637 2886 ordines
663 2820 725 2885 sibi
751 2819 792 2885 ad
809 2823 948 2904 gratiam
973 2843 1053 2887 sacr.
1085 2843 1167 2887 caes
1183 2824 1368 2888 maiestatis
1384 2818 1478 2886 conlu-

361 2932 513 3016 gicndum
539 2929 765 3011 iudicauerint,
781 2950 841 2994 nos
857 2929 997 2995 libenter
1013 2951 1153 3014 operam,
1171 2931 1326 3012 studium,
1343 2933 1480 2995 interres-

362 3041 548 3123 sionemque
565 3045 694 3105 nostras
709 3037 958 3120 interposituros
975 3059 1044 3102 6666
1060 3040 1184 3103 61116616
1203 3044 1235 3102 61
1251 3039 1407 3104 1161161616
1421 3057 1481 3120 pro

365 3149 524 3212 mittimus
541 3153 639 3228 atque
659 3145 859 3228 pollicemur.

473 3253 595 3318 Actum
612 3252 820 3336 Claudiopoli
837 3253 890 3317 die
907 3259 960 3318 29.
976 3254 1079 3319 Junii.
1098 3253 1196 3322 Anno
1215 3261 1311 3322 1602.

474 3402 594 3476 (Srdldrz
612 3405 803 3478 Saarnoskb'ay
820 3403 962 3462 lrrlsrlval:
979 3406 1073 3462 llikor
1084 3409 1210 3464 utolszor
1227 3407 1326 3463 Batori
1345 3404 1485 3479 Zsigniond

367 3494 501 3552 Erddlbdl
518 3496 627 3552 lirucne
644 3499 777 3568 tirdbgbe.
794 3526 837 3534 —
854 3497 898 3551 Aa
917 3497 1065 3569 Egyctcmi
1082 3496 1285 3571 kdnyvtalrba)

863 3667 1006 3737 XXIIL

801 3819 895 3880 1602.
917 3817 993 3900 ι1111.
1023 3821 1072 3881 13.

413 3967 508 4036 diry
523 3965 577 4018 Pal
592 3987 610 4019 (ι
626 3967 794 4036 retardarat,
812 3987 843 4021 ((6
868 3970 1041 4037 (1·(11161611161
1057 3971 1168 4038 1111111111
1183 3971 1313 4040 lulpprxda
1329 3972 1449 4040 ilpyddcu.

475 4099 702 4166 Sacratissima
718 4123 869 4167 caesarea
879 4103 1034 4186 regiaque
1044 4103 1204 4169 Maiestas
1221 4104 1352 4170 domine
1368 4105 1488 4171 domine

368 4205 448 4270 mihi
481 4209 679 4274 naturaliter
705 4211 964 4276 clementissime.
990 4209 1176 4276 Humilium
1201 4213 1408 4278 seruitiorum
1438 4209 1491 4274 stb.

368 4315 608 4382 subiectionem.

477 4421 747 4509 Quandoquidem
773 4427 974 4512 temporibus
998 4451 1063 4492 non
1090 4427 1137 4492 116
1161 4427 1287 4510 pridem
1314 4427 1490 4504 transactio,

369 4533 489 4614 partim
505 4555 619 4616 nempe
636 4535 695 4599 sub
721 4537 867 4618 proxime
884 4539 1062 4619 praeterita
1080 4535 1214 4600 Posonii
1232 4537 1400 4604 celebrata
1416 4555 1490 4602 sacr.

370 4661 450 4704 caes.
466 4639 652 4706 Maiestatis
677 4649 802 4708 vestrae
828 4643 946 4726 diaeta,
965 4647 1084 4729 partim
1101 4666 1176 4710 1616
1193 4643 1340 4712 Viennae
1358 4649 1492 4712 existens
