3042 5404
329 487 393 548 202
702 494 820 542 cantari
836 493 1086 544 casatoerttmtsax.

434 664 474 727 Iu
491 663 582 728 cuius
606 662 652 726 rei
679 659 898 724 testimonium
924 680 983 724 nos
1008 679 1085 724 suae
1109 658 1294 726 Maiestatis
1310 681 1394 725 caes.
1410 681 1454 723 re

324 771 461 854 giaeque
477 769 637 854 generalis
652 788 691 833 ac
707 767 867 851 designati
878 768 1089 832 commissarii
1097 767 1174 834 buic
1189 769 1350 852 vectigali,
1367 770 1453 833 iuxta

325 879 411 964 quod
428 880 677 946 tricesimatores
703 877 857 960 cuiusque
882 877 946 942 loci
970 898 1047 942 suae
1067 876 1253 942 Maiestatis
1279 881 1452 960 prouentus

324 987 534 1052 tricesimales
559 985 686 1069 exigere
713 984 916 1068 tenebuntur,
932 1006 1031 1082 manu
1047 986 1180 1068 propria
1196 985 1449 1068 subscripsimus,

322 1094 528 1179 sigillumque
554 1099 702 1160 nostrum
727 1093 942 1177 adposuimus
959 1089 1083 1158 Actum
1099 1089 1209 1160 Albae
1218 1091 1244 1158 J
1245 1093 1332 1159 uliae
1349 1094 1449 1177 prima

321 1201 505 1285 Februarii,
522 1223 607 1268 anno
626 1205 720 1266 1603.

365 1328 405 1396 G.
422 1328 534 1394 Basta.
596 1328 621 1394 J
622 1349 741 1394 cannes
757 1328 779 1394 a
794 1327 929 1395 Molart.
990 1327 1023 1393 N
1025 1329 1148 1394 icolaus
1164 1331 1185 1393 a
1202 1327 1408 1393 Burclrhaus.

426 1429 624 1537 Notandum,
639 1457 731 1520 iuxta
746 1455 834 1520 istud
842 1455 989 1540 vectigal,
1001 1455 1119 1520 similia
1134 1455 1283 1537 exempla
1298 1453 1443 1519 omnibus

318 1566 391 1630 aliis
407 1585 485 1630 suae
500 1563 685 1628 Maiestatis
704 1585 785 1629 caes.
801 1565 836 1628 in
850 1565 913 1630 hac
938 1564 1104 1649 prouincia
1119 1561 1377 1647 Transylvaniae
1391 1563 1443 1626 tri-

324 1671 567 1738 eesimatoribus
582 1670 786 1736 extradanda
803 1677 907 1737 crunt.

323 1815 474 1899 (Egylrord
490 1820 613 1878 masolat
628 1841 644 1878 a
661 1820 737 1879 bdcei
753 1843 791 1879 cs.
808 1821 838 1879 ds
854 1825 907 1878 kir.
932 1825 1019 1880 latialis
1044 1822 1385 1897 pdrmiigymiuiszterium
1401 1821 1449 1878 lta·

700 1913 799 1970 rdban.
816 1914 890 1970 Sicb.
908 1911 1086 1984 Urkunden.)

871 2122 905 2211 b)

764 2273 859 2334 1603.
874 2267 978 2333 febr.
998 2272 1025 2333 1.

629 2423 653 2474 ,Λ
669 2423 757 2492 ὶὶρραί
770 2423 945 2476 bamirmwd
959 2424 1034 2476 barbe
1051 2423 1146 2476 ausa.

525 2621 531 2631 ,
606 2555 882 2623 Contractus
914 2556 1169 2641 Lippensis.

430 2699 500 2766 Nos
510 2699 672 2785 Georgius
682 2701 786 2766 Basta
802 2705 861 2766 etc.
878 2699 903 2766 J
904 2722 1026 2767 oannes
1042 2723 1063 2766 a
1078 2701 1203 2766 Molart
1226 2705 1286 2766 etc
1303 2724 1342 2767 ac
1357 2700 1448 2766 Nice·

321 2810 393 2874 laus
423 2830 444 2873 a
474 2809 710 2875 Burckhausen
740 2811 773 2874 in
806 2807 916 2875 Stolcz
948 2815 1008 2875 etc.
1033 2811 1083 2875 uti
1109 2809 1253 2874 eiusdem
1269 2811 1447 2894 provinciae

244 2962 252 2970 ·
322 2917 611 3002 Transyluanensis
621 2917 780 3001 designati
791 2917 1002 2984 commissarii
1022 2923 1081 2983 etc.
1097 2916 1279 2983 Memoriae
1296 2937 1448 2982 commen-

321 3027 436 3092 damus
460 3031 573 3092 tenore
597 3026 816 3110 praesentium
838 3026 1084 3111 quibuscunque
1101 3025 1233 3109 expedit
1247 3025 1405 3090 universis
1419 3028 1449 3087 et

321 3135 466 3218 singulis.
492 3131 763 3219 Quandoquidem
780 3136 927 3219 egregius
952 3134 978 3200 J
979 3134 1099 3200 accbus
1114 3135 1265 3200 literatus
1281 3131 1445 3220 Aythony,

322 3264 399 3308 suae
414 3241 496 3308 Mtis
513 3264 594 3309 caes.
612 3264 740 3328 quoque
757 3244 973 3310 tricesimator
988 3243 1164 3328 Lippensis
1179 3242 1274 3308 annis
1289 3230 1448 3328 prioribus

320 3352 369 3416 uti
386 3355 460 3417 601.
477 3357 510 3416 et
526 3355 590 3417 602
607 3351 649 3417 ad
665 3352 933 3417 intertentionem
948 3353 1090 3417 militum
1106 3350 1344 3436 Hungarorum
1359 3371 1446 3436 prae·

320 3461 527 3526 sidiariorum
559 3466 627 3526 tam
659 3461 804 3544 equitum
835 3481 932 3543 quam
957 3460 1102 3545 peditum
1127 3459 1170 3526 ad
1196 3460 1394 3543 exigentiam
1417 3464 1446 3522 et

321 3569 579 3635 commissionem
604 3565 803 3652 Sigismundi
819 3566 969 3653 Bathory
985 3575 1108 3633 certam
1124 3589 1281 3632 summam
1298 3567 1447 3652 pecuniae

320 3677 425 3742 mutui
449 3677 578 3743 nomine
604 3676 804 3742 contraxerit
829 3698 868 3742 ac
884 3677 1050 3759 exolverit„
1067 3675 1219 3742 videlicet
1234 3673 1375 3742 florenos
1390 3680 1448 3740 ter·

319 3785 409 3851 mille
434 3785 590 3851 ducentos
605 3785 722 3868 viginti
748 3784 952 3868 hungaricos,
973 3806 1070 3870 super
1088 3806 1154 3868 qua
1168 3806 1295 3850 summa
1310 3783 1448 3850 eiusdem

321 3894 444 3960 domini
467 3893 613 3978 Bathory
634 3892 728 3959 binas
745 3893 1030 3959 assecuratcriales
1047 3915 1119 3959 cum
1136 3891 1323 3977 specificato
1339 3890 1447 3958 libello

320 4002 477 4069 solutorio
508 3999 670 4086 produxit,
694 4002 729 4066 in
754 4001 871 4087 quibus
898 4003 1004 4086 etiam,
1029 4007 1068 4066 ut
1082 4001 1169 4066 idem
1186 4023 1225 4066 ex
1242 4000 1446 4085 proventibus

320 4109 568 4177 tricesimalibus
591 4107 811 4194 Lippensibus
842 4110 941 4175 semel
966 4115 1155 4175 contentane
1179 4110 1292 4194 possit,
1315 4109 1448 4175 facultas

320 4241 479 4286 concessa.
489 4217 632 4284 Rursum
641 4219 735 4284 iuxta
743 4219 841 4282 aliam
851 4216 1044 4302 productam
1054 4217 1304 4301 recognitionem
1317 4213 1446 4298 Georgii

319 4325 463 4412 Burbely·
483 4327 561 4392 olim
577 4325 719 4412 supremi
736 4326 898 4410 capitanei
914 4325 1089 4411 Lippensis
1105 4325 1255 4390 similiter
1269 4325 1305 4389 in
1322 4323 1445 4390 eosdem

320 4457 396 4502 usus
426 4435 608 4522 erogaverit
637 4433 777 4500 florenos
802 4435 1040 4520 quinquaginta
1064 4455 1120 4500 sex
1145 4433 1350 4518 hungaricos,
1369 4453 1446 4518 quae

318 4545 414 4610 binae
430 4551 544 4630 postas
569 4543 666 4610 simul
691 4545 896 4609 constituunt
920 4545 953 4609 in
979 4566 1105 4609 smnma
1129 4541 1267 4608 florenos
1292 4547 1343 4607 ter
1358 4541 1443 4608 mille

319 4653 475 4723 ducentos
485 4655 692 4744 septuaginta
707 4675 764 4722 sex
779 4653 974 4742 hungaricos
991 4675 1030 4718 ex
1046 4651 1258 4746 proventibus
1274 4651 1447 4724 tricesima·
