3042 5404
485 535 580 594 1603.
599 543 695 592 uince.
719 537 744 592 1.

207 742 257 809 In
285 745 569 830 hypocausto
592 747 859 814 musicorum
883 747 1030 832 primo.

267 870 379 938 Janna
450 918 797 938 ......
850 869 923 937 Nro
941 877 968 938 1.

266 978 383 1046 Mensa
451 1027 797 1046 ......
850 979 922 1046 Nro
940 985 968 1046 1.

265 1087 398 1154 Fornax
452 1133 796 1153 ......
849 1085 920 1154 Nro
939 1091 966 1153 l.

265 1195 548 1262 Feneetravitrea
587 1245 595 1261 .
654 1243 663 1260 .
724 1245 731 1260 .
789 1245 797 1261 .
850 1195 921 1264 Nro
939 1200 1003 1280 1.v

499 1339 550 1406 In
574 1338 733 1406 altero.

266 1465 396 1533 Jenuae
449 1513 793 1530 ......
845 1463 918 1530 Nro
937 1471 966 1532 2.

264 1575 382 1640 Mensa
449 1621 794 1639 ......
845 1571 917 1640 Nre
938 1577 965 1640 1.

265 1683 398 1750 Fornax
451 1729 796 1748 ......
848 1681 919 1749 Nro
939 1687 966 1750 1.

263 1789 423 1858 Feneetra
441 1793 545 1858 vitrea
653 1839 660 1858 .
719 1839 726 1856 .
786 1841 793 1856 .
847 1790 918 1859 Nro
937 1795 964 1858 1.

160 1901 340 1986 Inreliqnis
356 1900 614 1968 habitationibus
631 1921 734 1986 neque
753 1901 869 1968 ianuae
893 1921 997 1986 neque
1013 1899 1180 1984 fenestrae,

65 2009 113 2076 sed
129 2012 233 2078 omnia
249 2011 415 2078 confracta
431 2017 464 2076 et
480 2009 593 2076 ablata
609 2013 693 2073 sunt.

265 2117 392 2185 Ibidem
408 2126 476 2184 tres
492 2117 655 2201 sclopetae
671 2113 821 2182 bamber-

308 2227 421 2294 dariae
438 2247 601 2294 connexae
618 2229 728 2290 eunt.
788 2273 796 2290 .
848 2222 919 2290 Nro
937 2229 965 2288 3.

262 2333 415 2402 Ahenum
442 2355 572 2402 aereum
648 2385 656 2402 .
716 2385 724 2401 .
783 2383 791 2400 .
843 2330 914 2397 Nro
937 2335 965 2398 l.

344 2479 395 2546 In
428 2478 635 2546 conclavi
659 2475 882 2542 inferiori.

66 2585 195 2654 Cancelli
210 2587 307 2654 ferrei
322 2608 382 2672 pro
399 2585 548 2652 fenestris
578 2631 855 2652 .....
910 2579 981 2648 Nro
999 2585 1028 2648 8.

2 2694 3 2697 ’
64 2695 120 2762 Pro
134 2697 234 2764 ianuis
297 2748 303 2760 .
373 2741 855 2761 ........
909 2689 980 2756 Nro
998 2696 1026 2756 2.

65 2800 305 2870 Instrumentum
324 2803 468 2888 ligneum
483 2823 542 2888 pro
558 2799 767 2869 extrahendis
783 2799 864 2866 eelo-

155 2913 237 2996 petis
307 2955 856 2976 .........
909 2905 981 2973 Nro
1001 2911 1027 2974 1.

2 3047 3 3094 5
65 3015 305 3085 Instrumentnm
338 3016 478 3084 ferreum
508 3038 567 3101 pro
593 3013 797 3082 attrahendie
822 3015 865 3082 ad

157 3125 304 3193 aedificia
320 3125 416 3210 lignis
447 3171 860 3191 .......
913 3121 984 3190 Nro
1003 3127 1030 3190 1.

65 3231 192 3302 Terebra
205 3235 313 3302 ferrea
328 3255 446 3319 magna
513 3280 858 3300 ......
912 3230 982 3297 Nro
1000 3237 1028 3298 2.

66 3337 159 3410 Aheni
174 3345 285 3431 caprei
299 3343 408 3427 magni
448 3387 860 3408 .......
914 3337 985 3406 Nro
1001 3343 1030 3406 4.

66 3447 274 3520 Instrmnenta
289 3451 395 3518 ferrea
410 3470 470 3536 pro
493 3449 599 3534 puteis
652 3497 659 3514 .
719 3496 727 3514 .
788 3496 795 3510 .
854 3497 862 3514 .
915 3446 985 3512 Nrn
1000 3453 1030 3514 3.

66 3553 200 3628 Pondere
215 3559 365 3646 lapidum
451 3603 863 3624 .......
917 3552 1002 3620 Geni
1023 3557 1054 3618 1¹
1060 3551 1094 3640 (2.

66 3661 144 3733 cista
178 3711 862 3734 ...........
915 3661 986 3730 Nro
1007 3667 1034 3729 1.

68 3769 209 3861 cuspides
226 3776 323 3842 ferrei
338 3797 398 3861 pro
414 3775 498 3860 palie
517 3775 551 3840 in
567 3778 665 3858 ponte
718 3821 726 3838 .
784 3820 792 3836 .
851 3819 859 3840 .
912 3771 983 3838 Nro
1000 3777 1052 3838 87.

67 3879 163 3950 Janna
177 3885 282 3952 ferrea
316 3929 863 3950 .........
915 3879 987 3948 Nro
1007 3885 1034 3946 1.

2 4025 3 4046 ÷
68 3985 152 4058 Globi
165 3993 261 4060 ferrei
313 4039 861 4060 .........
914 3987 985 4054 Nro
1002 3993 1053 4054 20.

2 4123 3 4186 3
67 4091 162 4167 Janna
175 4103 284 4186 lignea
376 4147 856 4168 ........
910 4096 981 4165 Nro
1001 4103 1028 4163 1.

67 4200 145 4274 Ferri
160 4213 264 4295 portio
312 4255 858 4276 .........
911 4205 982 4272 Nro
1002 4207 1029 4270 1.

67 4307 197 4384 Oannabi
212 4323 328 4386 centen
330 4363 857 4382 .........
911 4311 982 4378 Nro
1000 4313 1059 4375 30¹
1065 4307 1099 4397 1,.

364 4461 414 4526 In
439 4460 558 4526 ceila
581 4461 703 4526 arcia
726 4459 876 4544 prima.

70 4559 134 4630 Vini
149 4591 220 4634 vasa
241 4571 368 4652 integra
444 4615 857 4634 .......
911 4558 1098 4648 Nr016¹se

70 4667 166 4738 Vacua
181 4701 255 4746 vasa
311 4723 857 4744 .........
911 4669 982 4736 Nro
1000 4675 1050 4735 32.
