3100 5420
350 498 416 559 478
728 510 846 558 sunam
862 511 1113 563 oaszloorbrssar.

349 676 411 758 giis
435 675 580 758 legitime
596 675 709 758 electo,
726 697 878 760 annuere,
894 681 928 741 et
952 677 1111 760 singulari
1126 699 1165 744 ac
1180 677 1329 743 clementi
1351 699 1402 742 sua
1415 681 1453 742 tu·

349 784 445 850 telari
454 784 664 868 benignitate,
675 791 789 850 contra
805 807 915 852 omncs
931 784 1066 852 hostiles
1081 793 1190 853 motus
1206 791 1378 871 protegere,
1387 806 1455 850 ccm-
1542 835 1543 838 η

348 894 592 977 petitorumque
608 893 916 978 intempestivomm,
935 896 991 979 qui
1010 896 1187 961 etiamnum
1202 896 1237 959 in
1253 893 1367 960 finibus
1380 893 1454 977 regni

348 1001 518 1067 constituti
529 1002 726 1066 tumultuum
753 1002 998 1068 excitandorum
1015 1004 1151 1069 consilia
1166 1004 1304 1087 agitant,
1319 1003 1456 1087 inquietu-
1541 1019 1543 1028 ’

348 1110 455 1175 dinem
480 1109 585 1193 primo
611 1131 740 1195 quoque
764 1115 910 1196 tempore
930 1113 1121 1195 reprimere.
1146 1111 1221 1176 Hac
1241 1113 1327 1178 enim
1341 1112 1404 1176 solt
1415 1111 1456 1174 vit
1541 1125 1543 1130 ’

347 1240 412 1302 pax
438 1223 472 1284 et
496 1221 705 1304 tranquilitas
729 1222 859 1287 interna
883 1245 904 1287 a
919 1221 972 1288 ste
988 1221 1054 1291 Vra
1070 1226 1240 1306 tantopere
1256 1220 1458 1288 commendata
1541 1243 1543 1248 ’

347 1329 540 1394 inconcussa
564 1331 750 1394 conservari
766 1352 805 1396 ac
820 1331 1042 1414 quorumlibet
1058 1337 1204 1397 motuum
1220 1331 1344 1396 semina
1358 1337 1459 1413 tempe

347 1439 429 1502 stive
453 1443 608 1522 poterunt
633 1439 785 1523 praecidi,
803 1439 866 1506 hao
890 1441 989 1505 etiam
1014 1461 1073 1506 nos
1091 1441 1187 1506 unica
1203 1441 1257 1505 via
1272 1440 1406 1504 omnium
1420 1446 1458 1500 tu·

347 1546 508 1611 multuum
540 1548 677 1630 exortis,
708 1548 867 1632 paulatim
898 1548 940 1613 ab
970 1552 1022 1614 tot
1056 1549 1219 1614 continuis
1250 1545 1394 1612 cladibus
1419 1567 1458 1608 rs

347 1654 482 1737 spirare,
516 1653 871 1739 obsequentissimaque
903 1659 1017 1721 nostra
1052 1655 1161 1721 studia
1195 1677 1275 1738 erga
1299 1654 1376 1722 Vras
1393 1651 1459 1716 Mos

347 1762 568 1847 inclytamque
593 1763 723 1830 domum
736 1761 947 1829 Austriacam
964 1763 1163 1829 commodius
1178 1765 1358 1848 poterimus
1374 1759 1461 1826 decla·
1541 1759 1543 1762 ⁴

346 1891 430 1938 rare.
453 1869 567 1936 Servet
591 1870 669 1936 deus
686 1869 767 1938 scam
785 1870 880 1940 Viam
896 1872 1019 1938 salvam
1035 1878 1068 1937 et
1083 1872 1276 1938 incolumem
1293 1869 1462 1936 diutissima

347 1977 473 2044 Datum
490 1980 524 2043 iu
540 2001 615 2044 arce
631 1978 788 2064 Fogaras,
807 1979 859 2044 die
877 1984 927 2046 la.
943 1980 1081 2064 Aprilis,
1098 2001 1183 2045 anno
1201 1979 1322 2044 domini
1341 1981 1429 2042 1607.

453 2085 609 2152 Eiusdem
625 2085 687 2153 Stis
702 2087 782 2156 Viae

917 2194 1091 2260 humillimi
1111 2197 1285 2262 servitores

820 2303 973 2369 Universi
988 2311 1094 2370 status
1111 2313 1144 2370 et
1162 2305 1293 2370 ordines
1309 2307 1406 2370 trium

821 2411 990 2476 nationum
1009 2411 1103 2494 regni
1119 2411 1398 2496 Transsylvaniae.

455 2547 595 2600 Killcaim:
621 2544 805 2601 Serenissimo
824 2546 946 2617 principi
959 2553 990 2601 et
1007 2548 1121 2602 donrino
1138 2548 1251 2603 domino
1268 2545 1413 2613 Matthiae,
1427 2544 1466 2598 dei

347 2637 440 2707 gratia
465 2636 609 2694 archiduci
626 2635 770 2705 Austriae,
787 2637 852 2691 duci
868 2637 1060 2715 Burgrmdiae,
1078 2639 1230 2710 comitique
1246 2636 1364 2710 Tyrolis
1380 2641 1406 2690 et
1421 2633 1467 2688 Go-

347 2727 429 2782 ritiae
444 2733 496 2783 etc.
514 2727 636 2782 Domino
652 2728 733 2782 nobis
750 2727 956 2799 gratiosissimo
972 2735 1025 2784 etc.

540 2833 679 2908 (ltongalt
695 2837 830 2908 eredctije
846 2854 863 2889 a
880 2833 957 2890 bdcsi
973 2837 1047 2892 kam.
1064 2837 1095 2892 lt.
1112 2835 1187 2891 Sieb.
1205 2831 1282 2906 Aet.)

895 3026 930 3110 l²)

454 3167 666 3238 Serenissimc
682 3171 841 3255 princeps,
851 3170 979 3235 domine
993 3170 1121 3238 domine
1131 3170 1389 3236 clementissime.
1399 3168 1463 3234 Ser·

349 3278 501 3344 vitiorum
517 3285 578 3345 etc.

453 3385 584 3453 Literas
610 3389 794 3454 serenitatis
810 3394 936 3454 vestrae
951 3387 1081 3456 Vienna
1099 3392 1149 3453 16.
1165 3387 1281 3452 Martii
1298 3386 1342 3451 ad
1358 3406 1408 3450 me
1422 3382 1469 3448 da·

346 3499 406 3578 tas,
431 3517 496 3578 qua
514 3518 575 3580 par
591 3503 640 3562 est
656 3497 857 3582 demissione,
874 3498 994 3582 accepi,
1011 3497 1129 3580 quibus
1145 3496 1267 3562 diserte
1282 3496 1392 3560 innuit
1407 3514 1471 3578 pro·

345 3603 483 3667 vinciam
509 3603 790 3672 Transilvanicam
815 3608 849 3671 in
877 3607 1035 3672 electione
1060 3606 1264 3690 principatus
1290 3627 1311 3670 a
1327 3600 1472 3670 clementi

347 3712 545 3778 resolutione
571 3736 651 3782 seor.
678 3737 760 3782 caes.
785 3717 959 3800 regiaeque
983 3713 1059 3782 Mus
1084 3715 1227 3800 pendere
1243 3720 1472 3800 expectarequs

347 3817 504 3886 debuisse.
529 3820 560 3886 Ε
579 3823 709 3908 quidem
726 3846 785 3890 nos
800 3824 840 3889 de
856 3832 961 3892 morte
978 3825 1101 3890 domini
1117 3823 1275 3907 Bochlray
1291 3824 1473 3908 priusquam

346 3928 381 3993 in
396 3927 447 3994 his
463 3931 691 3997 remotioribus
707 3933 856 4016 partibus
872 3935 1152 4016 intellexissemus,
1169 3933 1389 4016 nequicquam
1404 3928 1473 3994 scri·

347 4035 423 4102 bere
447 4039 621 4122 potuimus.
647 4039 770 4106 Postea
794 4063 868 4108 vcro
895 4063 959 4126 quo
985 4041 1037 4107 hic
1062 4041 1177 4108 ordine
1201 4041 1372 4126 provincia
1387 4058 1472 4103 versa

349 4151 406 4230 est,
417 4147 598 4214 luculenter
608 4149 717 4215 omnia
736 4155 804 4214 tam
821 4171 902 4215 sacr.
919 4171 1002 4214 caes.
1018 4148 1080 4214 Mu
1101 4171 1200 4233 quam
1216 4149 1316 4214 etiam
1332 4145 1382 4212 Sti
1402 4145 1474 4214 vtae

347 4277 413 4321 una
429 4277 502 4321 cum
517 4256 656 4322 dominis
672 4257 845 4340 regnicolis
861 4257 1116 4342 perscripsimus.
1133 4254 1230 4321 Nihil
1245 4261 1358 4321 autem
1374 4253 1413 4318 de
1428 4271 1474 4317 me

347 4365 412 4429 ista
422 4364 638 4449 qualicunque
656 4365 843 4432 conditione
859 4365 978 4430 nedum
994 4365 1192 4448 praevidere,
1208 4363 1265 4428 sed
1279 4384 1321 4428 ne
1337 4361 1474 4446 cogitare

348 4471 478 4554 quidem
494 4475 647 4558 potuisse,
663 4496 767 4558 neque
783 4475 927 4540 animum
942 4473 996 4539 hic
1011 4472 1222 4559 permanendi
1238 4472 1362 4538 diutius
1378 4471 1474 4537 ullum

347 4577 508 4662 habuisse,
531 4581 645 4648 itidem
661 4582 774 4648 Miluus
799 4581 870 4652 Vris
886 4583 1015 4667 penitus
1030 4582 1260 4648 intimavimus.
1275 4577 1392 4664 Atque
1409 4597 1474 4644 cum

348 4687 528 4774 accipiendi
552 4693 659 4757 cneus
684 4692 776 4757 istius
796 4691 992 4758 alienissimo
1010 4713 1112 4757 essem
1128 4691 1244 4772 animo,
1259 4693 1397 4774 propter
1411 4686 1473 4770 glo·
