3062 5414
709 491 828 544 aaaron
853 491 1106 547 omssoertntsns.

820 821 995 893 XXXIV.

765 990 860 1052 1602.
884 987 996 1054 deor.
1021 993 1049 1053 6.

526 1158 638 1227 enots
647 1157 811 1212 neuun:
827 1177 859 1212 ae
874 1159 977 1228 caefi
990 1161 1117 1230 afflare
1131 1161 1284 1215 reatae

446 1311 642 1396 Rudolphus
657 1315 720 1378 etc.

446 1419 622 1504 Magnifice
636 1419 742 1485 fidelis
757 1419 883 1486 dilecte.
899 1419 952 1486 Ex
962 1423 1118 1505 proximis
1128 1425 1193 1490 tuis
1210 1425 1451 1508 decimaquarta

338 1529 533 1597 Novembris
548 1529 602 1596 die
617 1528 703 1594 datis
718 1529 792 1612 quis
816 1529 1037 1596 moderarum
1053 1532 1385 1600 Transsilvanicarum
1398 1537 1452 1595 stn-

338 1649 392 1708 tne
407 1643 451 1706 sit
466 1645 500 1706 et
516 1639 646 1723 quidem
661 1637 724 1704 hoc
739 1637 877 1704 libenter
901 1640 1129 1726 intelleximus,
1145 1641 1289 1726 depulsis
1304 1643 1368 1708 iam
1382 1660 1454 1724 quae

338 1774 358 1817 a
373 1749 489 1816 'furcis
514 1770 553 1814 ac
568 1746 718 1814 Tartaris
733 1747 943 1814 imminebant
958 1749 1120 1834 periculis,
1144 1751 1179 1816 id
1195 1751 1372 1818 curandum
1386 1769 1453 1830 esse,

337 1869 375 1925 ut
390 1859 523 1924 dimisso
539 1853 702 1940 superfluo
712 1855 816 1922 milite
832 1856 1027 1940 praesidium
1047 1879 1107 1942 per
1121 1860 1321 1943 provinciam
1337 1858 1454 1926 maioris

337 1965 522 2032 securitatis
538 1985 637 2030 causa
662 1963 885 2030 distribuatur.
910 1961 1006 2047 Quod
1021 1971 1060 2029 ut
1074 1963 1202 2030 facilius
1217 1963 1277 2032 fiat
1292 1987 1452 2052 procuran-

337 2076 451 2140 darum
466 2074 501 2138 in
526 2093 581 2139 eos
605 2093 682 2136 usus
697 2072 906 2156 pecuniarum
931 2073 1073 2139 rationes
1089 2095 1218 2140 camera
1232 2083 1345 2142 nostra
1359 2074 1455 2141 aulica

336 2181 462 2248 solicite
478 2181 548 2264 init,
564 2199 648 2264 quae
663 2178 754 2245 brevi
771 2179 831 2244 tibi
847 2179 1003 2264 quicquid
1022 2202 1062 2246 eo
1076 2183 1240 2265 pertineat
1255 2183 1383 2250 scribet
1397 2181 1451 2248 Ur-

336 2311 448 2376 gemns
473 2289 571 2354 etiam
596 2293 633 2352 ut
659 2287 870 2353 commissarii
894 2309 915 2354 a
948 2287 1041 2354 nobis
1066 2290 1131 2356 iam
1156 2289 1280 2356 dudum
1305 2289 1455 2373 designati

335 2399 573 2485 quamprimum
598 2403 737 2480 pergant
746 2403 779 2462 et
795 2397 860 2462 sive
879 2397 1076 2466 coniunctim
1085 2401 1151 2466 sive
1167 2401 1344 2485 separatim
1358 2420 1456 2466 rerum

335 2511 472 2574 istarum
489 2528 600 2574 curam
619 2506 806 2589 suscipiant.
1165 2519 1168 2526 ’

442 2647 712 2734 Quandoquidem
737 2657 845 2716 autem
861 2649 995 2718 sinistra
1019 2650 1059 2718 de
1075 2651 1218 2719 Radulio
1237 2658 1272 2718 et
1286 2649 1457 2722 Valscbica

336 2757 507 2826 nobilitate
523 2764 556 2824 et
572 2759 704 2842 quidem
719 2780 758 2823 ex
783 2759 903 2823 litteris
925 2759 991 2824 tuis
1007 2764 1041 2824 te
1057 2759 1098 2825 de
1113 2759 1179 2826 illis
1194 2781 1260 2826 non
1275 2761 1357 2826 nihil
1372 2758 1456 2824 dnbi-

334 2877 404 2935 tere
420 2868 640 2952 intelligimus,
664 2889 729 2934 non
754 2869 835 2933 satis
860 2873 968 2933 tutum
993 2869 1224 2954 existimamus,
1249 2874 1283 2935 te
1308 2867 1369 2935 boo
1383 2873 1456 2933 tem·
1522 2883 1524 2894 ·

333 2999 412 3064 pore
427 2977 470 3044 ad
485 2998 553 3059 nos,
579 2975 681 3041 donec
697 2975 942 3041 Transilvauiae
966 2975 1049 3042 bene
1064 2983 1271 3062 prospectum
1287 2979 1339 3062 sit,
1355 2997 1458 3042 excur-

333 3107 414 3154 rere.
430 3085 471 3152 Id
487 3108 559 3152 cum
585 3083 707 3168 absque
731 3085 876 3168 periculo
900 3083 988 3150 fierri
999 3107 1094 3171 posse
1118 3087 1347 3171 intelligemus,
1362 3083 1457 3151 facul·

333 3199 435 3260 tatem
450 3193 600 3260 veniendi
624 3191 763 3277 benigne
788 3191 848 3259 tibi
875 3191 984 3260 daturi
999 3215 1117 3260 snmus.
1133 3193 1182 3261 Ut
1196 3215 1273 3260 vero
1287 3193 1458 3279 patientius
1523 3259 1524 3262 ,

335 3323 406 3367 eam
433 3323 556 3370 moram
573 3301 667 3386 feres,
693 3301 922 3368 colonellatum
938 3301 1102 3368 vallounrn
1127 3323 1224 3387 quem
1247 3304 1381 3388 petiisti,
1404 3299 1459 3366 tibi

334 3411 538 3477 concedimus
569 3433 608 3477 ac
637 3411 875 3496 permittimus,
914 3409 1018 3495 deque
1057 3411 1130 3478 aliis
1169 3413 1368 3479 ornamentis
1398 3409 1458 3475 tuis

332 3527 446 3610 sponte
462 3525 574 3586 nostra
590 3519 778 3604 cogitamus,
795 3516 884 3603 quod
899 3517 990 3584 brevi
1005 3539 1040 3585 re
1056 3519 1128 3604 ipsa
1143 3519 1271 3588 senties.
1282 3557 1326 3567 -
1341 3517 1458 3585 Arcem

331 3631 461 3698 interim
477 3630 542 3695 sive
558 3628 837 3713 propugnaculum
852 3627 887 3692 in
896 3626 1079 3693 meditullio
1095 3628 1282 3713 prouinciae
1298 3625 1457 3694 aedificari

332 3737 535 3805 ubimaxime
546 3735 605 3803 tibi
615 3743 832 3822 opportunum
841 3736 1362 3823 rideatur,uobisplocet,utvero
1377 3737 1458 3804 illius

331 3845 374 3912 ad
390 3865 450 3911 nos
465 3843 602 3910 somnam
618 3844 739 3928 mittas,
756 3847 910 3930 cupimus.

438 3985 628 4054 Obsidionis
652 3985 813 4056 Bndensis
838 3991 912 4075 quis
937 4011 1102 4059 successus
1127 3989 1234 4078 luerit,
1259 3991 1458 4061 hauddubie

331 4098 504 4182 acceperis.
520 4093 604 4162 Oum
628 4096 742 4182 itaque
757 4098 932 4183 plurimum
952 4101 1014 4168 hoc
1030 4109 1176 4188 tempore
1191 4105 1321 4169 intersit
1335 4102 1459 4171 bostem

330 4203 464 4272 diversis
494 4204 702 4290 inpartibus
735 4205 901 4294 distineri,
926 4249 969 4259 —
1003 4216 1222 4296 opportunum
1253 4210 1346 4278 nobis
1377 4209 1459 4278 vide·

330 4321 414 4400 atur,
430 4313 457 4380 si
483 4311 664 4382 'furcarum
683 4313 823 4382 confinia
838 4319 1085 4386 excursionibus
1107 4319 1302 4386 infestentur
1328 4327 1362 4385 et
1378 4339 1458 4386 com·

329 4427 455 4488 meatus
472 4421 575 4506 quiin
592 4421 797 4507 Hungeriam
821 4429 981 4510 portetur,
997 4427 1202 4513 impediatur,
1219 4427 1305 4511 quod
1322 4449 1381 4512 per
1395 4429 1457 4494 Re·

330 4528 454 4595 dulium
478 4530 506 4594 si
540 4535 691 4596 constans
724 4531 758 4595 in
792 4529 855 4595 fide
889 4533 1081 4619 persisterit,
1107 4533 1178 4601 fieri
1205 4535 1456 4601 commodissime

329 4643 448 4724 posset
