3062 5414
520 481 615 538 1602.
631 500 690 536 san.
716 483 766 538 20.
1149 477 1210 540 107

84 655 253 722 honoretur
268 657 302 720 et
326 653 527 719 obseruator.
552 652 705 722 Vicissim
730 674 805 718 vero
830 654 929 719 etiam
945 656 1013 737 ipse
1030 655 1135 721 Basta
1150 678 1210 722 sua

85 787 119 831 ex
133 769 225 848 parte
236 765 367 848 dignam
392 769 426 828 et
453 763 697 830 conuenientem
714 769 896 846 respectum
924 763 966 828 ad
982 787 1040 829 nos
1056 771 1094 834 et
1104 764 1146 830 ad
1162 787 1213 830 sn·

83 895 222 959 promum
246 880 395 940 nostrum
419 873 728 956 totiusHungariae
762 872 948 956 generalem
973 873 1211 938 serenissimum

85 982 241 1048 Mathiam
258 981 464 1048 archiducem
480 979 648 1064 Austriae,
664 980 800 1046 fratrem
817 1005 855 1048 ac
871 983 1048 1066 principem
1065 989 1212 1046 nostrum

84 1091 301 1158 charissimum
327 1090 457 1172 habeat,
489 1091 580 1156 cuins
611 1091 707 1156 iussis
738 1113 861 1174 parere,
893 1091 1067 1174 omniaque
1087 1111 1213 1156 summa

83 1199 149 1282 fide,
164 1201 400 1283 vigilantiaque
425 1221 464 1264 ac
490 1199 696 1264 solicitudine
711 1199 893 1283 prouidere,
912 1221 1009 1281 agero
1027 1205 1059 1263 et
1076 1199 1212 1264 admini-

84 1315 191 1391 strare,
208 1307 481 1392 quemadmodum
492 1307 629 1390 fidelem,
640 1307 822 1392 prouidum,
833 1329 991 1390 sagacem,
1008 1307 1212 1390 diligentem·

82 1437 138 1500 que
154 1418 340 1498 generalem
356 1417 435 1482 belli
452 1417 566 1482 ducem
583 1423 616 1482 et
633 1423 731 1500 caput
748 1417 780 1481 in
798 1423 865 1482 tam
882 1416 985 1481 ardua
1001 1415 1209 1500 expeditione

82 1524 177 1608 decet,
194 1532 228 1590 et
245 1525 376 1590 illarum
402 1525 645 1608 prouinciarum
672 1526 845 1590 necessitas
861 1525 1014 1608 postulat,
1032 1545 1153 1606 nosque
1170 1522 1209 1586 de

83 1633 145 1716 ipso
161 1633 255 1698 nobis
270 1633 470 1717 pollicemur,
487 1639 644 1698 teneatur.
662 1633 701 1699 In
721 1655 858 1717 quorum
875 1631 970 1697 fidem
986 1631 1045 1698 has
1061 1633 1211 1716 propriae

3 1807 4 1812 ,
81 1763 188 1805 manus
204 1739 442 1824 subscriptione
459 1747 491 1805 et
508 1741 606 1822 sigilli
623 1741 830 1825 impressione
851 1741 1126 1806 communiuinrus.
1143 1739 1210 1804 Da-

83 1854 146 1914 tum
162 1847 292 1931 Pragae
310 1854 361 1913 20.
380 1848 456 1914 Jam
479 1853 575 1914 1602.

185 2003 298 2056 Sceleri:
315 1999 480 2072 Assumptio
505 2001 621 2074 Goorgij
642 2001 744 2056 Baetae
762 2002 789 2057 in
816 2019 980 2074 supremum
996 2000 1160 2072 gerroralem
1177 2007 1205 2054 ct

85 2091 319 2164 campiductorem
335 2093 475 2148 exereitus
491 2091 712 2148 Transiluanici.

347 2235 486 2308 (Fogalm.
503 2255 521 2292 a
536 2233 612 2292 bdcsi
629 2255 666 2292 cs.
684 2237 748 2294 titlr.
765 2237 815 2294 lvt.
833 2231 941 2308 llung.)

621 2479 667 2548 X.

489 2631 584 2692 loon.
609 2625 714 2692 febr.
741 2631 791 2694 18.

209 2779 359 2848 bartam!
374 2782 483 2835 rdluazu
500 2781 679 2850 Bocskuymdr
694 2783 777 2836 1605.
795 2799 852 2834 surr.
871 2781 938 2834 oili
952 2781 1068 2834 lcrrle'rr.

1 2987 2 2990 ,
181 2915 378 3000 Spectabilis
394 2923 428 2982 et
443 2914 612 3000 magnifice
629 2915 757 2982 domino
783 2915 884 2981 irater
901 2915 1088 2982 charissime
1105 2922 1138 2980 et
1154 2915 1208 2980 ob·

1 3083 2 3110 ,
81 3023 330 3089 seruandissime.

1 3123 2 3202 Ϊ
183 3131 345 3218 Banhegji
363 3133 504 3199 uramtdl
529 3133 718 3218 lregyelmed
744 3133 873 3198 minden
890 3132 1050 3216 dllapotot
1067 3133 1210 3214 megert;

1 3215 2 3242 ¹
80 3247 176 3304 restat
191 3239 279 3325 hogy
304 3240 493 3326 kegyelmed
519 3243 614 3324 drtse,
630 3243 670 3306 en
696 3241 811 3326 bizony
836 3243 911 3324 igen
931 3242 968 3326 jo
994 3239 1207 3322 egdszsdgben

1 3368 2 3446 ἐ
81 3348 206 3431 vugyolr,
224 3350 258 3412 es
284 3369 344 3432 egy
370 3350 560 3434 cseppuyire
588 3372 654 3414 sem
680 3350 854 3432 killbnben,
874 3349 1029 3414 vulamint
1056 3349 1156 3412 sainte
1174 3369 1208 3412 cz

1 3475 2 3510 ὲ
81 3455 156 3521 clbtt
182 3458 227 3521 tiz
253 3457 455 3522 esztenddvel
481 3458 671 3544 kegyelmed
697 3465 825 3542 osmeri,
851 3483 918 3524 scm
942 3457 1113 3538 vigabbau‚
1140 3479 1207 3522 sem

1 3572 2 3578 ’
81 3564 319 3646 sromorirbban,
336 3587 402 3630 sem
414 3566 580 3650 eszesben3
598 3571 632 3632 es
649 3569 702 3653 igy
719 3591 784 3634 sem
802 3569 971 3632 isteuemet
987 3589 1059 3630 nem
1075 3565 1207 3630 bonam

1 3749 2 3752 Ἴ
80 3691 154 3754 meg,
169 3678 337 3754 magamat
353 3673 429 3739 mod
439 3674 549 3740 nolkul
566 3697 639 3739 nem
656 3682 770 3741 tdrdm.
787 3675 832 3740 nt
850 3697 922 3740 oum
938 3673 988 3738 his
1005 3673 1207 3758 kegyelmed-

1 3777 2 3845 ]
81 3779 136 3844 nelr
160 3787 327 3863 magamat
343 3780 603 3866 atyafinssgosan
623 3783 776 3867 ajbulom,
800 3782 1025 3868 kogyclmcdet
1050 3781 1146 3866 pedig
1172 3804 1208 3848 az

80 3887 230 3954 istennelr.
246 3887 395 3956 Coronae
414 3895 464 3956 18.
481 3889 577 3956 Febr.
597 3895 690 3956 1602.

180 4014 213 4082 S.
230 4014 276 4082 M.
292 4015 334 4082 D.
351 4013 391 4085 V.
408 4017 548 4084 seruitor
564 4023 597 4082 et
613 4015 716 4082 irater
740 4016 989 4082 amantissimus.

606 4143 832 4228 Sigismundus
847 4143 996 4228 princeps
1013 4166 1053 4208 m.
1069 4165 1099 4227 p.

1 4357 2 4381 ζ
182 4297 323 4350 Klllczs'm:
341 4295 494 4366 Spectabili
520 4314 554 4352 ac
572 4295 723 4366 magnifico
749 4297 862 4352 domino
888 4295 1033 4368 Stephano
1051 4295 1205 4367 Bocnylray'

1 4405 2 4450 l
82 4391 129 4440 etc.
145 4386 256 4440 domino
272 4385 356 4441 fratri
372 4385 538 4442 charissimo
555 4393 584 4441 ct
599 4387 867 4444 obseruandissimo.

1 4525 2 4530 ἵ
122 4543 159 4616 (Α
175 4547 321 4620 ieJ'edelem
338 4547 487 4620 sajsltlrend
504 4546 588 4607 lrdsa.
605 4547 861 4622 Ercdetijeabdesi
873 4567 910 4605 es.
922 4549 989 4604 titlr.
1006 4547 1036 4604 lt.
1053 4543 1162 4618 lluug.)
