3032 5418
310 473 314 480 '
333 467 396 526 392
706 477 825 526 unnim
840 449 1093 528 oasulusrtntsnn.

438 642 514 709 Non
539 643 682 709 abnuere
707 648 816 708 tamen
841 665 932 709 suam
956 644 1169 728 maiestatem,
1194 645 1222 710 si
1236 644 1371 714 Viennae
1383 651 1429 710 aut

329 751 409 816 alibi
420 752 488 834 ipse
498 757 532 816 et
541 749 689 816 dominus
704 749 830 817 Kornis
845 773 910 817 una
925 752 1155 836 habitauerint,
1171 760 1228 818 aut
1244 753 1364 819 domum
1371 774 1430 819 can-

329 859 491 943 duxerint,
516 863 554 924 nt
578 859 747 924 annuatim
765 861 904 924 trecenti
927 858 1263 926 florenoaRhenenses
1278 859 1432 944 etquidem

329 968 389 1034 sub
408 969 472 1034 alio
498 969 626 1033 nomine
642 989 702 1051 pro
718 965 865 1034 faciliore
882 969 1083 1034 exsolutione
1099 971 1262 1054 pensionis
1278 991 1316 1034 ex
1328 969 1434 1034 habita·

329 1077 417 1141 tione
427 1081 555 1142 tantum
565 1077 726 1160 tantisper
736 1077 951 1160 exsolvantur,
968 1076 1069 1143 donec
1085 1078 1163 1161 ipsis
1181 1079 1253 1143 aliis
1267 1077 1362 1144 modis
1375 1097 1433 1160 pro

329 1183 432 1248 visum
447 1182 554 1266 fuerit,
571 1189 629 1248 aut
643 1183 705 1267 ipsi
721 1183 808 1250 bona
823 1206 882 1250 sua
897 1185 1061 1268 possidere
1076 1186 1229 1270 poterint

437 1288 531 1375 Quod
556 1312 631 1356 vero
649 1293 917 1357 sustentationem
948 1314 1041 1358 suam
1071 1293 1260 1359 modernam
1275 1293 1337 1357 sire
1351 1291 1381 1355 in
1394 1311 1434 1356 ca·

328 1398 403 1463 stris
413 1419 510 1482 penes
521 1399 685 1464 dominum
701 1397 837 1464 Bastam
853 1399 1037 1483 subsistere,
1053 1399 1104 1465 rel
1119 1400 1199 1467 alibi
1213 1421 1340 1466 manere
1354 1398 1433 1463 debu·

328 1507 398 1589 erit,
415 1511 558 1590 spectat:
575 1529 673 1591 super
692 1528 729 1572 eo
749 1529 808 1572 sua
823 1505 983 1572 Maiestas
998 1509 1087 1574 intra
1102 1529 1223 1592 paucos
1238 1508 1306 1573 dies
1321 1507 1433 1573 clemen·

327 1617 379 1677 ter
404 1633 472 1678 sese
498 1613 645 1679 resolvet.
662 1611 753 1697 Quae
766 1616 831 1698 ipsi
846 1616 940 1682 iuxta
954 1617 1063 1700 gratia
1078 1637 1137 1682 sua
1152 1637 1304 1683 caesarea
1318 1621 1349 1680 et
1360 1613 1434 1696 regia

328 1725 378 1785 est
393 1742 564 1805 propensa

787 1836 1001 1910 (Fopolmaeat.)

875 2035 903 2094 2.

714 2176 809 2238 1605.
825 2195 876 2239 au
886 2196 916 2257 g.
934 2176 1073 2239 14-18.

874 2303 911 2390 a)

337 2428 339 2433 ’
433 2423 658 2516 Sacratissime
674 2421 895 2494 Romanorum
911 2427 1088 2512 imperator
1105 2429 1233 2494 domine
1249 2426 1372 2492 domine
1386 2423 1436 2489 cle·

326 2533 530 2600 montissime.
1347 2545 1350 2550 '

431 2641 485 2707 Ex
500 2643 632 2710 inclusis
648 2644 839 2711 humillimis
863 2645 1152 2730 supplicationibus
1177 2669 1258 2711 sacr.
1285 2666 1362 2712 caes
1376 2642 1435 2708 Ma·

324 2727 423 2844 iestas
438 2749 560 2818 Vestra
586 2752 759 2816 clementer
783 2753 947 2836 intelliget
971 2775 1075 2820 meam
1101 2755 1301 2838 petitionem,
1320 2773 1394 2838 quas
1408 2755 1437 2814 ut

323 2857 471 2942 perlegat
494 2857 652 2926 Maiestas
677 2859 798 2927 Vestra
822 2865 856 2926 et
880 2861 1070 2927 clementem
1096 2862 1327 2928 resolutionem
1342 2859 1436 2939 lac-iat,

324 2967 562 3031 sacratissimae
579 2965 747 3034 Maiestati
762 2967 903 3038 Vestrae
919 2969 1066 3054 supplico
1081 2970 1256 3035 humiliter.
1273 2969 1362 3036 Deus
1375 2985 1436 3032 raro

325 3095 405 3139 sacr.
421 3071 468 3139 M.
485 3073 526 3142 V.
553 3097 634 3142 caes.
661 3073 839 3142 diutissime
855 3085 1022 3143 conservet
1038 3075 1184 3144 feliciter.
1199 3077 1310 3144 Datae
1325 3075 1437 3160 Pragae

324 3203 409 3246 anno
428 3184 521 3246 1605.

432 3287 558 3357 Sacrat.
574 3289 761 3361 Maiestatis
776 3291 917 3362 Vestrae
933 3315 1014 3360 caes.

967 3401 1100 3467 humilis
1119 3399 1269 3466 srrbditus

799 3507 977 3574 Balthasar
997 3507 1120 3575 Kornis
1137 3509 1176 3574 de
1191 3507 1307 3574 Ruska
1322 3529 1360 3573 m.
1375 3528 1400 3589 p.

431 3679 559 3734 Kittcaa'm.
585 3677 632 3733 Ad
657 3679 875 3736 sacratissimam
900 3697 1060 3736 caesaream
1086 3687 1115 3736 et
1145 3680 1253 3752 regiam
1279 3679 1437 3736 maiestatem

324 3773 448 3825 vestram
464 3769 587 3826 demissa
602 3769 773 3841 supplicatio
789 3769 969 3828 Balthasaris
984 3771 1101 3847 Kornis,

871 3959 906 4045 l)

429 4099 626 4168 Humillima
650 4101 845 4185 supplicatio
870 4101 913 4166 ad
929 4101 1181 4168 sacratissimam
1200 4123 1360 4171 caesarem
1374 4099 1438 4165 Ma·

322 4209 470 4274 iestatem
487 4208 654 4274 dominum
668 4229 776 4273 meum
792 4209 1084 4274 clementissimum.

431 4315 515 4382 Cum
531 4339 551 4384 a
565 4319 677 4384 multis
704 4319 769 4384 iam
794 4317 887 4384 annis
911 4318 945 4382 in
961 4324 1012 4382 tot
1028 4319 1193 4403 tantisque
1210 4318 1437 4388 turbationibus
1513 4303 1515 4362 ³

323 4423 585 4508 Transylranicis
600 4431 700 4511 atque
716 4423 916 4510 Hungaricis
925 4424 1095 4492 Maiestati
1110 4433 1238 4494 restrae
1253 4433 1320 4494 tam
1334 4447 1437 4512 parens
1513 4421 1515 4464 ³

322 4537 441 4614 noster,
458 4537 528 4596 tum
543 4532 642 4598 etiam
658 4555 716 4623 nos
730 4532 798 4616 filii,
814 4557 878 4601 uon
903 4533 1000 4600 modo
1017 4557 1089 4602 oum
1105 4536 1247 4602 maxima
1263 4537 1437 4604 iacturare
1513 4531 1515 4604 l

324 4660 395 4714 rum
411 4646 596 4706 nostrarum
623 4643 844 4711 serviverimus
870 4663 980 4714 rerum
1006 4646 1103 4711 etiam
1123 4667 1241 4740 pareus
1256 4651 1356 4713 morte
1369 4663 1438 4734 quo
1513 4669 1515 4732 ς
