3042 5404
356 499 422 578 1⁷4
561 569 565 580 .
722 509 842 574 tantm
865 507 1121 572 oneramini.

462 685 557 758 Haec
573 709 648 757 vero
673 687 783 756 omnia
798 685 940 755 maximo
959 705 1033 755 cum
1049 685 1269 754 emolumento
1285 683 1373 770 fient
1388 677 1414 751 si
1428 697 1477 750 sus

354 799 507 866 maiestas
521 821 595 864 cum
610 798 720 864 Turca
734 797 840 881 primo
865 817 935 862 rem
960 805 1019 862 aut
1034 797 1135 862 amnis
1158 803 1218 862 aut
1231 815 1315 880 pace
1331 795 1478 872 decernet,

354 913 476 974 etcum
491 905 604 972 vicinis
618 902 783 970 Moldaris
803 909 837 968 et
851 901 1009 971 Valacbis
1028 903 1208 970 amicitiam
1224 903 1321 985 colet,
1337 903 1404 968 sine
1419 899 1478 985 qui·

354 1014 415 1080 bus
431 1013 692 1080 Traossilvaniae
715 1009 864 1077 redditus
889 1017 923 1076 et
946 1011 1166 1078 emolumenta
1190 1011 1325 1096 percipi,
1349 1007 1478 1076 exerceri

355 1129 389 1190 et
404 1123 517 1206 augeri
531 1122 586 1188 vix
599 1126 744 1206 possunt

462 1245 559 1331 Quod
583 1245 626 1313 ad
649 1246 842 1329 religionem
865 1267 966 1331 porro
989 1250 1126 1332 spectat,
1152 1246 1180 1311 si
1205 1245 1317 1311 divina
1340 1243 1477 1311 humanis

354 1354 580 1442 postponenda
587 1358 671 1437 sunt,
680 1353 785 1438 primo
795 1353 938 1420 omnium
947 1352 1007 1419 sub
1018 1351 1229 1420 bacvictoria
1239 1352 1389 1420 dominus
1403 1349 1478 1435 capi·

352 1469 467 1529 tancus
491 1461 652 1548 generalis
685 1457 904 1527 Arriauorum
938 1461 1091 1528 ecclesias
1117 1459 1347 1546 Claudiopoli,
1371 1460 1427 1546 qui
1447 1459 1476 1524 in

352 1569 501 1636 omnibus
516 1569 658 1636 consiliis
682 1573 717 1636 et
730 1568 1028 1636 machinationibus
1047 1574 1164 1636 contra
1179 1569 1204 1636 J
1206 1570 1350 1636 esuvitas
1366 1575 1399 1634 ot
1412 1566 1476 1632 roli-

351 1679 481 1762 gionem
496 1678 593 1763 primi
609 1682 692 1761 sunt,
708 1683 853 1762 occupet,
870 1677 1012 1762 claudat,
1022 1685 1056 1745 et
1066 1679 1315 1746 concionatores
1329 1673 1476 1743 Arvianm

351 1787 463 1871 pellat
478 1785 572 1852 Idem
596 1784 698 1852 iaciat
722 1807 795 1852 cum
820 1782 1018 1870 Oalvinistis,
1036 1787 1094 1853 ubi
1111 1786 1281 1854 commode
1295 1785 1331 1852 id
1345 1783 1416 1851 ficri
1429 1803 1476 1868 po·

351 1901 425 1962 test
440 1894 585 1980 Dignum
601 1900 651 1961 est
665 1895 762 1978 enim,
778 1900 816 1961 ut
831 1895 892 1962 tali
907 1893 1005 1980 facto,
1020 1897 1208 1963 innocentis
1223 1896 1267 1962 D.
1283 1891 1474 1962 Fordinsndi

350 2002 565 2086 imperatoris,
581 2002 638 2087 qui
653 1999 800 2068 Arriana
814 2001 953 2086 perfidia
968 2002 993 2069 J
994 2006 1109 2070 oannis
1126 2003 1248 2090 Reguli
1265 2026 1306 2070 ea
1319 2001 1474 2090 provincia

351 2109 495 2194 privatus
510 2109 581 2194 fuit,
596 2109 787 2193 vindicetur,
804 2115 838 2176 et
846 2109 991 2176 haeresis
1000 2110 1122 2197 Reguli
1138 2135 1237 2197 quam
1252 2112 1310 2178 ille
1325 2111 1425 2196 pulsis
1439 2130 1472 2174 ex

351 2218 518 2303 provincia
533 2217 683 2284 omnibus
697 2217 867 2302 religiosis,
883 2217 980 2284 isthic
998 2219 1175 2302 invexerat,
1191 2219 1431 2300 condemnatur,
1445 2221 1474 2281 et

352 2323 395 2391 ad
419 2345 493 2392 oras
519 2330 681 2392 extremas
705 2324 857 2410 pellatur.
882 2325 1016 2392 Iuvabit
1041 2328 1140 2393 etiam
1165 2325 1208 2393 ad
1227 2327 1417 2412 religionem
1430 2344 1472 2389 re·

353 2432 573 2517 staurandam,
592 2433 620 2498 si
636 2452 695 2498 sua
709 2431 863 2499 maiestas
879 2434 1118 2518 quamprimum
1137 2435 1325 2519 episcopum
1344 2433 1473 2517 aliquem

350 2539 546 2624 introducat,
555 2540 714 2606 bonorum
724 2545 758 2605 et
767 2539 965 2606 decimarum
974 2540 1053 2607 olim
1063 2540 1325 2608 abalienatorum
1340 2541 1472 2624 aliquam

350 2653 476 2733 partem
500 2648 549 2714 illi
573 2650 735 2733 restituat,
759 2670 835 2715 nam
859 2649 918 2714 illa
943 2669 1027 2734 qnae
1054 2647 1282 2734 sigismundus
1298 2649 1472 2726 donaverat,

351 2777 436 2823 nunc
450 2755 493 2822 ab
508 2757 653 2822 exercitu
678 2775 754 2822 suae
769 2757 950 2822 maiestatis
975 2755 1061 2824 ferro
1078 2763 1112 2823 et
1126 2757 1276 2825 incendio
1292 2756 1360 2823 scre
1376 2755 1473 2822 deleta

350 2871 434 2932 sunt
459 2863 666 2949 Capitulares
692 2863 790 2929 etiam
815 2863 942 2949 aliquot
965 2863 1089 2931 Albam
1114 2871 1260 2950 reponet,
1275 2871 1402 2950 partem
1416 2861 1472 2928 exi·

348 2995 445 3058 guam
459 2972 618 3040 bonorum
628 2973 764 3058 capituli
778 2972 845 3037 illis
854 2971 979 3057 reddet,
988 2974 1097 3040 omnia
1112 2973 1338 3059 perpurgabit,
1348 2991 1471 3039 renova·

350 3081 407 3148 bit.
422 3081 590 3148 Ecclesiae
606 3081 792 3147 libertatem
809 3103 830 3147 a
845 3082 1045 3166 temporibus
1063 3081 1089 3148 J
1090 3084 1205 3148 oannis
1221 3083 1400 3167 collapsam
1414 3080 1472 3146 vin·

349 3187 480 3274 dicabit
489 3188 603 3256 laudes
618 3195 652 3254 et
667 3189 806 3273 gloriam
830 3186 884 3254 dei
898 3189 1020 3274 ubique
1035 3189 1247 3276 promovebit
1263 3187 1358 3256 Haec
1374 3195 1471 3254 tamen

349 3296 457 3361 omnia
479 3295 521 3362 ad
536 3296 710 3381 benignum
726 3315 804 3361 suae
822 3293 1008 3362 Maiestatis
1023 3298 1190 3382 placitum.

350 3445 513 3521 (Eredetije,
529 3448 658 3522 Naprdgi
673 3447 823 3522 sajttkezli
835 3445 1034 3520 javltdsaivab
1050 3467 1068 3505 a
1091 3446 1169 3505 becsi
1186 3450 1252 3506 udv.
1268 3449 1396 3506 namursi
1413 3445 1470 3501 ltin

793 3541 860 3596 bau.
877 3538 953 3596 Sieb.
969 3537 1048 3610 Act.)

898 3730 933 3816 l)

351 3874 662 3942 Ememoriale
695 3871 899 3962 Napragi
930 3874 1197 3960 roccoleno,
1230 3875 1473 3962 sajatkezll·

511 3983 582 4068 leg
604 3987 667 4048 irt
689 3983 925 4050 levelthez
947 4007 1030 4051 van
1053 3985 1321 4052 melekelve:

457 4107 683 4177 Illustrissime
699 4109 835 4194 domine,
860 4110 987 4178 domine
1003 4111 1302 4180 observandissime
1329 4109 1475 4180 Servilio·

351 4235 423 4281 rum
439 4221 473 4282 et
488 4217 672 4286 orationum
692 4218 1011 4286 commendationem.

458 4340 511 4409 Ea
525 4364 610 4428 quae
624 4343 845 4410 illustrissima
860 4343 1039 4412 dominatio
1048 4351 1156 4412 vestra
1170 4346 1299 4414 nomine
1324 4368 1403 4414 suae
1416 4365 1474 4411 ma·

351 4450 478 4516 iestatis
503 4449 543 4515 de
568 4449 665 4516 robus
684 4449 998 4535 Transsylvonicisa
1023 4473 1074 4516 me
1097 4453 1242 4520 notanda
1266 4459 1345 4520 autc
1363 4470 1475 4539 paucos

351 4557 420 4623 dies
436 4558 515 4624 mibi
530 4557 749 4642 mandaverat,
765 4559 938 4643 perscripsi
949 4558 1131 4646 diligenter,
1141 4567 1301 4628 uteorum
1317 4557 1472 4630 recordari

352 4667 451 4752 potui.
467 4665 601 4733 Plenius
625 4672 659 4732 et
675 4669 779 4733 verius
804 4665 1031 4734 informaretur
1050 4671 1204 4739 maiestas
1228 4692 1362 4754 suaper
1378 4665 1472 4752 masi
1513 4733 1514 4744 ¹
