3100 5420
357 500 422 562 460
735 516 853 562 asnhuxr
870 513 1121 564 csszieorilrtsex.

357 679 549 745 dubitarunt
564 680 599 744 in
615 679 809 762 derogamen
825 679 1057 746 transactionis
1067 703 1140 746 cum
1150 703 1231 746 sacr.
1241 679 1305 745 Mra
1322 681 1453 748 Vnae

359 794 392 852 et
408 788 498 870 regia
513 785 704 852 celebratae.
730 786 794 854 Sed
819 809 892 853 cum
918 789 1026 854 omnia
1040 809 1150 873 regna,
1166 791 1359 874 principatus
1372 797 1400 854 et
1413 789 1455 853 do

359 896 459 962 minia
474 919 494 961 a
510 917 633 962 summo
659 917 767 961 rerum
784 897 926 961 omnium
951 902 1061 963 actore
1087 903 1120 963 et
1135 897 1335 966 moderatore
1348 917 1457 982 praepo

356 1007 439 1070 tenti
463 1004 667 1088 dependeant
692 1009 725 1070 et
740 1003 876 1069 feliciter
900 1004 1138 1087 gubernentur:
1155 1027 1214 1072 uos
1230 1027 1354 1090 quoque
1367 1005 1457 1088 imple

355 1118 428 1180 rato
444 1113 553 1179 divino
570 1113 691 1180 auxilio
708 1117 741 1178 et
756 1113 885 1178 reiectis
901 1114 1038 1179 caeteris
1055 1115 1329 1199 competitoribus,
1343 1135 1457 1180 eommu-

356 1221 451 1287 nibus
467 1223 609 1287 omnium
634 1226 781 1288 nostrum
805 1221 889 1287 votis
907 1221 1110 1307 publicisque
1128 1221 1300 1307 suffragiis,
1316 1227 1457 1308 perspecta

356 1331 476 1394 virtute
492 1336 525 1395 et
548 1330 738 1413 integritate
763 1349 802 1394 ac
817 1329 851 1394 in
866 1329 964 1396 rebus
980 1329 1068 1396 domi
1083 1330 1227 1415 forisque
1242 1331 1385 1413 gerendis
1398 1353 1456 1414 prn-

356 1437 467 1502 dentia
483 1442 516 1503 et
540 1459 665 1504 summa
690 1437 891 1521 experientia
916 1438 1103 1522 spectabilis
1127 1460 1165 1504 ac
1184 1437 1346 1522 magnifici
1360 1438 1457 1503 donini

356 1543 556 1629 Sigismundi
580 1545 724 1612 Rakoczi
757 1545 862 1612 fidelis
887 1545 1073 1613 Maiestatis
1097 1547 1178 1616 Viae
1202 1568 1283 1613 sacr.
1312 1547 1458 1627 servitoris,

359 1654 496 1720 eundem
512 1655 546 1719 in
561 1655 743 1739 principem
758 1654 854 1722 huius
869 1656 960 1739 regni
985 1658 1098 1740 nostri,
1114 1655 1202 1740 quod
1216 1655 1295 1722 felix
1311 1657 1353 1721 sit
1366 1663 1395 1721 et
1408 1653 1459 1719 ian·

357 1769 451 1846 stum,
476 1784 600 1828 summo
625 1785 781 1829 consensu
807 1770 840 1830 et
865 1763 1025 1849 applausu
1040 1766 1263 1848 creaverimus,
1278 1764 1371 1830 Mrem
1386 1763 1460 1834 pram

356 1893 436 1938 sacr.
452 1892 601 1956 supereo
617 1871 846 1955 requirendam
861 1872 1043 1938 humillime
1059 1879 1092 1938 et
1114 1873 1313 1938 exorandam
1328 1872 1460 1952 duximus,

355 1987 392 2048 ut
408 2003 505 2066 quem
520 1981 682 2064 privatum
698 1981 819 2046 amavit
834 2003 872 2046 ac
887 1987 1022 2066 propter
1040 1982 1145 2050 varias
1161 1982 1261 2047 animi
1277 1982 1460 2065 corporisque

359 2089 462 2174 dotes,
478 2090 624 2174 inprimis
649 2111 724 2156 vero
750 2091 1044 2157 constantissimam
1068 2089 1173 2172 fidem,
1188 2091 1222 2154 in
1247 2090 1389 2155 omnibus
1401 2085 1461 2152 fidei

356 2221 433 2264 suae
451 2199 626 2264 commissis
643 2199 816 2283 cognitam,
833 2199 966 2265 charum
981 2198 1107 2282 habuit,
1127 2197 1263 2263 eundem
1278 2219 1361 2264 nuuc
1375 2199 1405 2263 in
1416 2215 1462 2279 pu-

356 2308 475 2374 blicam
501 2313 646 2373 evectum
671 2309 798 2392 patriae
822 2313 954 2373 nostrae
980 2307 1304 2391 administrationem,
1332 2307 1365 2372 in
1387 2325 1462 2370 suam

357 2417 638 2483 clementissimam
654 2439 721 2482 uua
735 2416 903 2483 nobiscum
919 2416 1072 2500 dignetur
1090 2416 1235 2501 recipere
1249 2416 1462 2501 protectionem

357 2531 391 2590 ct
406 2548 444 2592 eo
460 2526 580 2593 habere
596 2528 676 2610 loco,
702 2547 766 2610 quo
791 2545 901 2592 omnes
917 2524 1113 2592 christianos
1136 2525 1309 2610 principes,
1324 2525 1376 2609 qui
1391 2522 1463 2589 ohse-

356 2635 432 2716 quio
449 2641 483 2700 et
498 2635 703 2701 observantia
726 2635 783 2719 pia
798 2641 832 2700 et
847 2633 1024 2700 christiana
1040 2653 1119 2699 sacr.
1135 2632 1231 2698 Mtem
1246 2633 1339 2702 me
1354 2652 1426 2698 caes
1438 2635 1464 2695 et

356 2743 488 2827 regiam,
504 2744 606 2809 veluti
621 2743 754 2808 unicum
770 2743 872 2808 totius
888 2741 1136 2808 christianitatis
1160 2742 1367 2809 monarcham
1382 2747 1412 2806 et
1424 2759 1463 2803 co

356 2850 465 2916 lumen
482 2849 636 2916 divinitus
652 2851 765 2916 datum
782 2851 893 2916 colunt
919 2855 951 2916 et
968 2851 1149 2934 observant,
1165 2851 1287 2917 habere
1303 2847 1462 2916 consuerit:

357 2958 534 3042 eademque
560 2960 740 3042 clementia,
765 2981 830 3042 qua
855 2965 978 3026 ceteros
1003 2959 1238 3044 complectitur,
1255 2958 1463 3042 huncquoque

356 3066 612 3132 illustrissimum
627 3067 807 3152 principem
817 3071 963 3132 nostrum
973 3068 1007 3132 in
1016 3066 1193 3151 benignum
1213 3089 1306 3133 suum
1322 3083 1463 3134 assumere

356 3175 507 3259 dignetur
522 3173 673 3259 favorem,
698 3179 732 3241 et
756 3179 894 3259 paterna
916 3180 1133 3260 prosequatur
1149 3175 1307 3259 clientela,
1326 3197 1363 3240 ac
1377 3171 1461 3258 ipsius

356 3284 593 3368 competitores,
617 3284 791 3368 praecipue
815 3283 1029 3352 Valentinum
1052 3281 1250 3370 Homounay
1274 3285 1363 3351 novis
1385 3280 1464 3346 rebus

355 3392 390 3458 in
405 3391 554 3476 Ungaria
569 3393 728 3476 superiori
745 3391 928 3458 studentem
945 3393 1017 3458 etri
1034 3391 1319 3478 Transsylvam'am
1333 3388 1464 3457 invadere

356 3502 548 3586 cupientem,
564 3523 584 3566 a
599 3501 765 3585 proposito
782 3502 958 3567 clementer
974 3507 1087 3568 avocet
1106 3524 1144 3568 ac
1160 3507 1350 3586 compescat
1359 3497 1464 3566 Haido-

355 3633 412 3677 nes
429 3612 513 3677 enim
528 3610 596 3675 fere
622 3630 742 3693 omnes,
758 3609 816 3692 qui
831 3631 956 3675 summa
972 3609 1117 3676 defuncti
1133 3609 1289 3695 principis
1309 3631 1382 3675 cura
1396 3601 1465 3672 diffi-

356 3721 459 3785 culter
476 3719 697 3799 consederaut‚
723 3723 870 3801 egestare
895 3726 928 3785 et
943 3720 1079 3804 penuria
1103 3739 1212 3784 rerum
1233 3717 1463 3784 domesticamn

355 3829 462 3894 vexati
480 3835 513 3893 et
537 3827 660 3913 praeda
683 3827 789 3892 vivere
815 3829 969 3912 concreti,
994 3827 1091 3893 facile
1114 3827 1149 3892 in
1166 3825 1344 3910 quemlibet
1360 3829 1464 3890 motum

354 3937 465 4002 induci
480 3941 617 4021 possunt
633 3941 666 4000 et
682 3935 953 4019 quemadmodum
979 3942 1077 4001 antea
1093 3957 1113 4000 a
1127 3935 1252 4020 rapinis
1268 3933 1420 4000 intestinis
1432 3927 1466 3994 ad

356 4045 480 4109 alienas
496 4045 642 4110 conversi
666 4049 751 4126 sunt,
775 4044 950 4110 verendum
976 4050 1082 4110 estne
1098 4043 1214 4109 vulnus
1230 4051 1375 4109 recenter
1389 4057 1465 4105 sana

355 4158 425 4218 tum
440 4152 656 4236 recrudescat,
672 4153 699 4218 si
715 4153 824 4236 capita
833 4151 1067 4220 discordiarum
1086 4152 1120 4218 iu
1136 4148 1244 4218 officio
1260 4149 1409 4216 contineri
1423 4163 1466 4211 ne-

356 4267 487 4342 queant.
504 4258 597 4344 Quae
612 4267 649 4326 ut
665 4260 826 4325 evitentur
842 4265 876 4325 et
890 4281 991 4344 prava
1014 4260 1245 4326 nonnullorum
1261 4257 1386 4342 ingenia
1399 4271 1465 4319 saer·
1528 4273 1530 4320 r

355 4366 417 4433 Ma
440 4367 520 4436 Vrae
537 4389 618 4434 caes.
636 4373 670 4433 et
685 4368 793 4452 regiae
809 4367 955 4433 taedium
971 4367 1078 4452 gentis
1093 4366 1281 4450 Ungaricae
1300 4387 1339 4432 ne
1353 4363 1466 4448 pariant

355 4476 553 4542 exorientem
569 4473 722 4560 favillam,
739 4481 777 4542 ut
793 4496 873 4542 sacr.
889 4475 971 4542 Meas
982 4475 1049 4546 Vra
1069 4497 1152 4542 caes
1168 4480 1202 4540 et
1218 4475 1311 4560 regia
1325 4475 1464 4559 oportune

354 4583 541 4667 restingvat,
574 4603 615 4647 ue
639 4581 739 4648 latius
763 4583 879 4651 deinde
910 4585 1095 4652 incendium
1125 4583 1325 4650 invalescens
1354 4594 1463 4662 serpere

357 4699 464 4789 queat,
481 4689 522 4757 ab
548 4689 661 4764 eadem
685 4711 766 4766 sacr.
791 4691 858 4768 Mle
870 4691 935 4764 vra
953 4713 1036 4772 caes.
1053 4697 1087 4760 et
1101 4691 1193 4789 regia
1210 4687 1394 4758 humillimis
1406 4703 1464 4780 pre·

1527 4853 1530 4908 v

1528 5007 1530 5082 t

1525 5111 1530 5408 l
