<?xml version="1.0" encoding="UTF-8"?>
<!DOCTYPE html PUBLIC "-//W3C//DTD XHTML 1.0 Transitional//EN"
    "http://www.w3.org/TR/xhtml1/DTD/xhtml1-transitional.dtd">
<html xmlns="http://www.w3.org/1999/xhtml" xml:lang="en" lang="en">
 <head>
  <title>
</title>
<meta http-equiv="Content-Type" content="text/html;charset=utf-8" />
  <meta name='ocr-system' content='tesseract 3.04.00' />
  <meta name='ocr-capabilities' content='ocr_page ocr_carea ocr_par ocr_line ocrx_word'/>
</head>
<body>
  <div class='ocr_page' id='page_1' title='image "./monumentahungar14bizogoog/monumentahungar14bizogoog_0208.png"; bbox 0 0 3042 5404; ppageno 0'>
   <div class='ocr_carea' id='block_1_1' title="bbox 705 503 1093 578">
    <p class='ocr_par' dir='ltr' id='par_1_1' title="bbox 705 503 1093 578">
     <span class='ocr_line' id='line_1_1' title="bbox 705 503 1093 578; baseline 0 -24"><span class='ocrx_word' id='word_1_1' title='bbox 705 507 829 578; x_wconf 40' lang='lat' dir='ltr'>nontin.</span> <span class='ocrx_word' id='word_1_2' title='bbox 841 503 1093 554; x_wconf 62' lang='lat' dir='ltr'>onzioortnssm.</span> 
     </span>
    </p>
   </div>
   <div class='ocr_carea' id='block_1_2' title="bbox 325 671 1405 3136">
    <p class='ocr_par' dir='ltr' id='par_1_2' title="bbox 325 671 1404 1408">
     <span class='ocr_line' id='line_1_2' title="bbox 327 671 1210 756; baseline -0.006 -16"><span class='ocrx_word' id='word_1_3' title='bbox 327 673 384 740; x_wconf 98' lang='lat' dir='ltr'>Ab</span> <span class='ocrx_word' id='word_1_4' title='bbox 399 695 464 738; x_wconf 83' lang='lat' dir='ltr'>nnn</span> <span class='ocrx_word' id='word_1_5' title='bbox 479 673 573 756; x_wconf 81' lang='lat' dir='ltr'>pecis</span> <span class='ocrx_word' id='word_1_6' title='bbox 588 672 720 736; x_wconf 82' lang='lat' dir='ltr'>dnncsri</span> <span class='ocrx_word' id='word_1_7' title='bbox 736 673 827 736; x_wconf 82' lang='lat' dir='ltr'>aurei</span> <span class='ocrx_word' id='word_1_8' title='bbox 843 671 1000 737; x_wconf 68' lang='lat' dir='ltr'>coloris.</span> <span class='ocrx_word' id='word_1_9' title='bbox 1060 720 1068 734; x_wconf 93' lang='lat'>.</span> <span class='ocrx_word' id='word_1_10' title='bbox 1129 719 1135 734; x_wconf 94' lang='lat'>.</span> <span class='ocrx_word' id='word_1_11' title='bbox 1202 721 1210 734; x_wconf 95' lang='lat'>.</span> 
     </span>
     <span class='ocr_line' id='line_1_3' title="bbox 329 781 1141 867; baseline -0.006 -19"><span class='ocrx_word' id='word_1_12' title='bbox 329 781 386 848; x_wconf 94' lang='lat' dir='ltr'>Ab</span> <span class='ocrx_word' id='word_1_13' title='bbox 403 803 468 848; x_wconf 78' lang='lat' dir='ltr'>uns</span> <span class='ocrx_word' id='word_1_14' title='bbox 483 783 576 867; x_wconf 83' lang='lat' dir='ltr'>pecis</span> <span class='ocrx_word' id='word_1_15' title='bbox 592 781 734 846; x_wconf 79' lang='lat' dir='ltr'>damasci</span> <span class='ocrx_word' id='word_1_16' title='bbox 753 781 934 863; x_wconf 76' lang='lat' dir='ltr'>vulgaris.</span> <span class='ocrx_word' id='word_1_17' title='bbox 994 829 1002 843; x_wconf 93' lang='lat'>.</span> <span class='ocrx_word' id='word_1_18' title='bbox 1066 830 1072 840; x_wconf 94' lang='lat'>.</span> <span class='ocrx_word' id='word_1_19' title='bbox 1133 828 1141 843; x_wconf 91' lang='lat'><strong>.</strong></span> 
     </span>
     <span class='ocr_line' id='line_1_4' title="bbox 328 888 1006 973; baseline -0.003 -19"><span class='ocrx_word' id='word_1_20' title='bbox 328 888 939 973; x_wconf 77' lang='lat' dir='ltr'>AbnnapecisdamnsciRssciani.</span> <span class='ocrx_word' id='word_1_21' title='bbox 997 937 1006 952; x_wconf 90' lang='lat'><strong>.</strong></span> 
     </span>
     <span class='ocr_line' id='line_1_5' title="bbox 327 995 1404 1082; baseline -0.006 -20"><span class='ocrx_word' id='word_1_22' title='bbox 327 995 385 1063; x_wconf 93' lang='lat' dir='ltr'>Ab</span> <span class='ocrx_word' id='word_1_23' title='bbox 400 1020 467 1062; x_wconf 82' lang='lat' dir='ltr'>una</span> <span class='ocrx_word' id='word_1_24' title='bbox 482 999 575 1082; x_wconf 76' lang='lat' dir='ltr'>pecta</span> <span class='ocrx_word' id='word_1_25' title='bbox 589 999 699 1063; x_wconf 81' lang='lat' dir='ltr'>atlosii</span> <span class='ocrx_word' id='word_1_26' title='bbox 715 995 948 1063; x_wconf 81' lang='lat' dir='ltr'>Cremesiensis</span> <span class='ocrx_word' id='word_1_27' title='bbox 997 1047 1004 1059; x_wconf 95' lang='lat'><strong>.</strong></span> <span class='ocrx_word' id='word_1_28' title='bbox 1062 1045 1070 1060; x_wconf 94' lang='lat'><em>.</em></span> <span class='ocrx_word' id='word_1_29' title='bbox 1130 1047 1138 1061; x_wconf 94' lang='lat'><strong>.</strong></span> <span class='ocrx_word' id='word_1_30' title='bbox 1192 995 1214 1062; x_wconf 86' lang='grc'>1.</span> <span class='ocrx_word' id='word_1_31' title='bbox 1260 1001 1347 1062; x_wconf 86' lang='grc'>4-</span> <span class='ocrx_word' id='word_1_32' title='bbox 1391 1024 1404 1056; x_wconf 69' lang='grc' dir='ltr'><strong><em>ι</em></strong></span> 
     </span>
     <span class='ocr_line' id='line_1_6' title="bbox 329 1103 1403 1190; baseline -0.005 -19"><span class='ocrx_word' id='word_1_33' title='bbox 329 1103 693 1190; x_wconf 79' lang='lat' dir='ltr'>AbunspecinTabit</span> <span class='ocrx_word' id='word_1_34' title='bbox 726 1155 1140 1170; x_wconf 90' lang='grc'><strong>.......</strong></span> <span class='ocrx_word' id='word_1_35' title='bbox 1193 1106 1215 1170; x_wconf 77' lang='lat' dir='ltr'>r</span> <span class='ocrx_word' id='word_1_36' title='bbox 1262 1111 1347 1172; x_wconf 87' lang='grc'>2-</span> <span class='ocrx_word' id='word_1_37' title='bbox 1390 1131 1403 1166; x_wconf 81' lang='lat'><strong>›</strong></span> 
     </span>
     <span class='ocr_line' id='line_1_7' title="bbox 326 1213 1401 1299; baseline 0.001 -20"><span class='ocrx_word' id='word_1_38' title='bbox 326 1213 379 1280; x_wconf 83' lang='lat' dir='ltr'>De</span> <span class='ocrx_word' id='word_1_39' title='bbox 394 1237 460 1280; x_wconf 83' lang='lat' dir='ltr'>uns</span> <span class='ocrx_word' id='word_1_40' title='bbox 475 1217 569 1299; x_wconf 83' lang='lat' dir='ltr'>pecia</span> <span class='ocrx_word' id='word_1_41' title='bbox 588 1213 738 1280; x_wconf 71' lang='lat' dir='ltr'>Matthas</span> <span class='ocrx_word' id='word_1_42' title='bbox 791 1261 1137 1279; x_wconf 89' lang='grc'><strong>......</strong></span> <span class='ocrx_word' id='word_1_43' title='bbox 1189 1214 1279 1280; x_wconf 83' lang='grc'><strong>1.-</strong></span> <span class='ocrx_word' id='word_1_44' title='bbox 1325 1221 1343 1280; x_wconf 90' lang='grc'><strong>2</strong></span> <span class='ocrx_word' id='word_1_45' title='bbox 1388 1239 1401 1272; x_wconf 83' lang='lat'><strong>›</strong></span> 
     </span>
     <span class='ocr_line' id='line_1_8' title="bbox 325 1318 1147 1408; baseline 0 -22"><span class='ocrx_word' id='word_1_46' title='bbox 325 1318 383 1386; x_wconf 87' lang='lat' dir='ltr'>Ab</span> <span class='ocrx_word' id='word_1_47' title='bbox 399 1345 465 1388; x_wconf 82' lang='lat' dir='ltr'>uns</span> <span class='ocrx_word' id='word_1_48' title='bbox 479 1324 572 1408; x_wconf 76' lang='lat' dir='ltr'>pecta</span> <span class='ocrx_word' id='word_1_49' title='bbox 582 1323 740 1388; x_wconf 81' lang='lat' dir='ltr'>cameloto</span> <span class='ocrx_word' id='word_1_50' title='bbox 759 1321 948 1390; x_wconf 77' lang='lat' dir='ltr'>Venetisno</span> <span class='ocrx_word' id='word_1_51' title='bbox 963 1321 1061 1404; x_wconf 82' lang='lat' dir='ltr'>vulgo</span> <span class='ocrx_word' id='word_1_52' title='bbox 1077 1328 1147 1386; x_wconf 78' lang='lat' dir='ltr'>czb·</span> 
     </span>
    </p>

    <p class='ocr_par' dir='ltr' id='par_1_3' title="bbox 326 1431 1405 2272">
     <span class='ocr_line' id='line_1_9' title="bbox 431 1431 1403 1516; baseline -0.002 -22"><span class='ocrx_word' id='word_1_53' title='bbox 431 1431 567 1516; x_wconf 72' lang='lat' dir='ltr'>mbllybt</span> <span class='ocrx_word' id='word_1_54' title='bbox 583 1437 697 1496; x_wconf 79' lang='lat' dir='ltr'>vocato</span> <span class='ocrx_word' id='word_1_55' title='bbox 720 1479 1136 1496; x_wconf 92' lang='grc'><strong>.......</strong></span> <span class='ocrx_word' id='word_1_56' title='bbox 1189 1431 1212 1496; x_wconf 90' lang='grc'>1.</span> <span class='ocrx_word' id='word_1_57' title='bbox 1263 1435 1347 1498; x_wconf 99' lang='grc'>150</span> <span class='ocrx_word' id='word_1_58' title='bbox 1390 1458 1403 1492; x_wconf 68' lang='grc' dir='ltr'><strong>ι</strong></span> 
     </span>
     <span class='ocr_line' id='line_1_10' title="bbox 326 1536 1403 1605; baseline -0.003 -2"><span class='ocrx_word' id='word_1_59' title='bbox 326 1537 379 1603; x_wconf 87' lang='lat' dir='ltr'>De</span> <span class='ocrx_word' id='word_1_60' title='bbox 395 1536 483 1603; x_wconf 89' lang='lat' dir='ltr'><strong>hisco</strong></span> <span class='ocrx_word' id='word_1_61' title='bbox 526 1587 1140 1605; x_wconf 86' lang='grc'><strong>..........</strong></span> <span class='ocrx_word' id='word_1_62' title='bbox 1192 1539 1213 1604; x_wconf 88' lang='grc'>1</span> <span class='ocrx_word' id='word_1_63' title='bbox 1264 1546 1348 1604; x_wconf 95' lang='lat' dir='ltr'>l-</span> <span class='ocrx_word' id='word_1_64' title='bbox 1390 1565 1403 1600; x_wconf 67' lang='grc' dir='ltr'><strong>ι</strong></span> 
     </span>
     <span class='ocr_line' id='line_1_11' title="bbox 326 1645 1405 1732; baseline -0.005 -21"><span class='ocrx_word' id='word_1_65' title='bbox 326 1645 384 1711; x_wconf 94' lang='lat' dir='ltr'>Ab</span> <span class='ocrx_word' id='word_1_66' title='bbox 398 1669 464 1713; x_wconf 80' lang='lat' dir='ltr'>uns</span> <span class='ocrx_word' id='word_1_67' title='bbox 479 1649 571 1732; x_wconf 84' lang='lat' dir='ltr'>pecin</span> <span class='ocrx_word' id='word_1_68' title='bbox 585 1647 727 1712; x_wconf 83' lang='lat' dir='ltr'>bernasii</span> <span class='ocrx_word' id='word_1_69' title='bbox 742 1646 885 1711; x_wconf 81' lang='lat' dir='ltr'>melioris</span> <span class='ocrx_word' id='word_1_70' title='bbox 930 1696 937 1710; x_wconf 95' lang='lat'>.</span> <span class='ocrx_word' id='word_1_71' title='bbox 998 1697 1005 1711; x_wconf 93' lang='lat'><em>.</em></span> <span class='ocrx_word' id='word_1_72' title='bbox 1065 1695 1073 1710; x_wconf 92' lang='lat'><strong>.</strong></span> <span class='ocrx_word' id='word_1_73' title='bbox 1134 1699 1139 1706; x_wconf 93' lang='lat'>.</span> <span class='ocrx_word' id='word_1_74' title='bbox 1193 1646 1282 1712; x_wconf 87' lang='grc'>1.-</span> <span class='ocrx_word' id='word_1_75' title='bbox 1308 1653 1347 1713; x_wconf 92' lang='grc'>25</span> <span class='ocrx_word' id='word_1_76' title='bbox 1391 1672 1405 1706; x_wconf 69' lang='lat'><em>2</em></span> 
     </span>
     <span class='ocr_line' id='line_1_12' title="bbox 327 1753 1403 1839; baseline -0.005 -20"><span class='ocrx_word' id='word_1_77' title='bbox 327 1753 384 1819; x_wconf 90' lang='lat' dir='ltr'>Ab</span> <span class='ocrx_word' id='word_1_78' title='bbox 399 1777 465 1821; x_wconf 84' lang='lat' dir='ltr'>uns</span> <span class='ocrx_word' id='word_1_79' title='bbox 481 1757 574 1839; x_wconf 81' lang='lat' dir='ltr'>pecin</span> <span class='ocrx_word' id='word_1_80' title='bbox 589 1755 696 1820; x_wconf 79' lang='lat' dir='ltr'>sostan</span> <span class='ocrx_word' id='word_1_81' title='bbox 713 1753 875 1838; x_wconf 88' lang='lat' dir='ltr'>dupplicis</span> <span class='ocrx_word' id='word_1_82' title='bbox 931 1803 938 1816; x_wconf 94' lang='lat'><strong>.</strong></span> <span class='ocrx_word' id='word_1_83' title='bbox 996 1803 1004 1817; x_wconf 93' lang='lat'><strong>.</strong></span> <span class='ocrx_word' id='word_1_84' title='bbox 1064 1803 1072 1818; x_wconf 94' lang='lat'><em>.</em></span> <span class='ocrx_word' id='word_1_85' title='bbox 1132 1804 1140 1820; x_wconf 92' lang='lat'><strong>.</strong></span> <span class='ocrx_word' id='word_1_86' title='bbox 1192 1755 1282 1819; x_wconf 81' lang='grc'>1-</span> <span class='ocrx_word' id='word_1_87' title='bbox 1307 1762 1347 1822; x_wconf 91' lang='grc'>20</span> <span class='ocrx_word' id='word_1_88' title='bbox 1390 1779 1403 1814; x_wconf 75' lang='grc'><strong>»</strong></span> 
     </span>
     <span class='ocr_line' id='line_1_13' title="bbox 327 1861 1403 1946; baseline 0.003 -20"><span class='ocrx_word' id='word_1_89' title='bbox 327 1861 384 1926; x_wconf 87' lang='lat' dir='ltr'>Ab</span> <span class='ocrx_word' id='word_1_90' title='bbox 400 1885 465 1927; x_wconf 81' lang='lat' dir='ltr'>una</span> <span class='ocrx_word' id='word_1_91' title='bbox 480 1863 574 1946; x_wconf 82' lang='lat' dir='ltr'>pecis</span> <span class='ocrx_word' id='word_1_92' title='bbox 590 1861 698 1927; x_wconf 81' lang='lat' dir='ltr'>sostsn</span> <span class='ocrx_word' id='word_1_93' title='bbox 713 1862 836 1926; x_wconf 78' lang='lat' dir='ltr'>vilioris</span> <span class='ocrx_word' id='word_1_94' title='bbox 862 1911 1138 1926; x_wconf 92' lang='grc'><strong>.....</strong></span> <span class='ocrx_word' id='word_1_95' title='bbox 1190 1863 1212 1928; x_wconf 85' lang='lat' dir='ltr'>f.</span> <span class='ocrx_word' id='word_1_96' title='bbox 1236 1904 1282 1913; x_wconf 93' lang='lat'><strong>—</strong></span> <span class='ocrx_word' id='word_1_97' title='bbox 1308 1870 1346 1929; x_wconf 93' lang='grc'>10</span> <span class='ocrx_word' id='word_1_98' title='bbox 1390 1891 1403 1920; x_wconf 88' lang='lat'><strong>›</strong></span> 
     </span>
     <span class='ocr_line' id='line_1_14' title="bbox 326 1969 1405 2054; baseline 0.002 -19"><span class='ocrx_word' id='word_1_99' title='bbox 326 1969 710 2054; x_wconf 81' lang='lat' dir='ltr'>AbnnapeciaMobnr</span> <span class='ocrx_word' id='word_1_100' title='bbox 793 2019 801 2034; x_wconf 89' lang='lat'><strong>.</strong></span> <span class='ocrx_word' id='word_1_101' title='bbox 861 2017 869 2034; x_wconf 90' lang='lat'>.</span> <span class='ocrx_word' id='word_1_102' title='bbox 928 2018 936 2034; x_wconf 90' lang='lat'><strong>.</strong></span> <span class='ocrx_word' id='word_1_103' title='bbox 995 2019 1003 2035; x_wconf 91' lang='lat'><strong><em>.</em></strong></span> <span class='ocrx_word' id='word_1_104' title='bbox 1063 2017 1071 2033; x_wconf 90' lang='lat'><strong>.</strong></span> <span class='ocrx_word' id='word_1_105' title='bbox 1132 2019 1140 2035; x_wconf 94' lang='lat'>.</span> <span class='ocrx_word' id='word_1_106' title='bbox 1193 1970 1405 2038; x_wconf 82' lang='grc'><strong>1-20»</strong></span> 
     </span>
     <span class='ocr_line' id='line_1_15' title="bbox 328 2076 1402 2163; baseline -0.005 -20"><span class='ocrx_word' id='word_1_107' title='bbox 328 2076 384 2145; x_wconf 91' lang='lat' dir='ltr'>Ab</span> <span class='ocrx_word' id='word_1_108' title='bbox 400 2077 732 2163; x_wconf 78' lang='lat' dir='ltr'>unapeciahemssii</span> <span class='ocrx_word' id='word_1_109' title='bbox 747 2077 919 2142; x_wconf 82' lang='lat' dir='ltr'>mediocris</span> <span class='ocrx_word' id='word_1_110' title='bbox 995 2127 1003 2142; x_wconf 90' lang='lat'><strong>.</strong></span> <span class='ocrx_word' id='word_1_111' title='bbox 1064 2131 1071 2142; x_wconf 89' lang='lat'><em>.</em></span> <span class='ocrx_word' id='word_1_112' title='bbox 1131 2129 1138 2143; x_wconf 94' lang='lat'>.</span> <span class='ocrx_word' id='word_1_113' title='bbox 1191 2080 1281 2144; x_wconf 77' lang='grc'><strong>1-</strong></span> <span class='ocrx_word' id='word_1_114' title='bbox 1306 2087 1347 2148; x_wconf 80' lang='grc'>20</span> <span class='ocrx_word' id='word_1_115' title='bbox 1390 2106 1402 2138; x_wconf 73' lang='grc' dir='ltr'><strong><em>ι</em></strong></span> 
     </span>
     <span class='ocr_line' id='line_1_16' title="bbox 329 2187 1146 2272; baseline -0.001 -19"><span class='ocrx_word' id='word_1_116' title='bbox 329 2189 382 2253; x_wconf 86' lang='lat' dir='ltr'>De</span> <span class='ocrx_word' id='word_1_117' title='bbox 397 2188 511 2272; x_wconf 61' lang='lat' dir='ltr'>maycr</span> <span class='ocrx_word' id='word_1_118' title='bbox 527 2187 652 2252; x_wconf 80' lang='lat' dir='ltr'>auratis</span> <span class='ocrx_word' id='word_1_119' title='bbox 668 2194 701 2253; x_wconf 87' lang='lat' dir='ltr'>et</span> <span class='ocrx_word' id='word_1_120' title='bbox 716 2187 967 2271; x_wconf 81' lang='lat' dir='ltr'>simplicioribus</span> <span class='ocrx_word' id='word_1_121' title='bbox 985 2187 1078 2252; x_wconf 78' lang='lat' dir='ltr'>iuxta</span> <span class='ocrx_word' id='word_1_122' title='bbox 1093 2209 1146 2253; x_wconf 79' lang='lat' dir='ltr'>va-</span> 
     </span>
    </p>

    <p class='ocr_par' dir='ltr' id='par_1_4' title="bbox 327 2297 1405 3136">
     <span class='ocr_line' id='line_1_17' title="bbox 433 2297 712 2379; baseline 0 -19"><span class='ocrx_word' id='word_1_123' title='bbox 433 2297 535 2362; x_wconf 84' lang='lat' dir='ltr'>lorem</span> <span class='ocrx_word' id='word_1_124' title='bbox 551 2297 712 2379; x_wconf 82' lang='lat' dir='ltr'>exigatur.</span> 
     </span>
     <span class='ocr_line' id='line_1_18' title="bbox 327 2401 1403 2487; baseline -0.004 -19"><span class='ocrx_word' id='word_1_125' title='bbox 327 2401 384 2468; x_wconf 95' lang='lat' dir='ltr'>Ab</span> <span class='ocrx_word' id='word_1_126' title='bbox 399 2425 464 2469; x_wconf 80' lang='lat' dir='ltr'>una</span> <span class='ocrx_word' id='word_1_127' title='bbox 480 2403 565 2470; x_wconf 78' lang='lat' dir='ltr'>libro</span> <span class='ocrx_word' id='word_1_128' title='bbox 580 2402 627 2468; x_wconf 91' lang='lat' dir='ltr'>fili</span> <span class='ocrx_word' id='word_1_129' title='bbox 644 2403 793 2469; x_wconf 79' lang='lat' dir='ltr'>deaurati</span> <span class='ocrx_word' id='word_1_130' title='bbox 812 2404 862 2469; x_wconf 83' lang='lat' dir='ltr'>vel</span> <span class='ocrx_word' id='word_1_131' title='bbox 882 2405 1011 2487; x_wconf 85' lang='lat' dir='ltr'>argenti</span> <span class='ocrx_word' id='word_1_132' title='bbox 1064 2454 1072 2469; x_wconf 91' lang='lat'><strong><em>.</em></strong></span> <span class='ocrx_word' id='word_1_133' title='bbox 1132 2455 1139 2470; x_wconf 92' lang='lat'>.</span> <span class='ocrx_word' id='word_1_134' title='bbox 1192 2405 1282 2470; x_wconf 89' lang='grc'>1.-</span> <span class='ocrx_word' id='word_1_135' title='bbox 1307 2411 1347 2471; x_wconf 93' lang='grc'>50</span> <span class='ocrx_word' id='word_1_136' title='bbox 1390 2431 1403 2464; x_wconf 65' lang='grc' dir='ltr'><strong><em>ι</em></strong></span> 
     </span>
     <span class='ocr_line' id='line_1_19' title="bbox 327 2509 1403 2595; baseline -0.004 -19"><span class='ocrx_word' id='word_1_137' title='bbox 327 2509 771 2595; x_wconf 81' lang='lat' dir='ltr'>Abunnlignturaknnioza</span> <span class='ocrx_word' id='word_1_138' title='bbox 860 2559 868 2576; x_wconf 90' lang='lat'><strong>.</strong></span> <span class='ocrx_word' id='word_1_139' title='bbox 929 2563 935 2576; x_wconf 93' lang='lat'>.</span> <span class='ocrx_word' id='word_1_140' title='bbox 996 2561 1002 2573; x_wconf 91' lang='lat'><strong>.</strong></span> <span class='ocrx_word' id='word_1_141' title='bbox 1064 2564 1070 2575; x_wconf 96' lang='lat'>.</span> <span class='ocrx_word' id='word_1_142' title='bbox 1130 2562 1138 2576; x_wconf 94' lang='lat'>.</span> <span class='ocrx_word' id='word_1_143' title='bbox 1189 2512 1403 2578; x_wconf 77' lang='grc'><strong>1-10»</strong></span> 
     </span>
     <span class='ocr_line' id='line_1_20' title="bbox 327 2617 1404 2687; baseline -0.005 -4"><span class='ocrx_word' id='word_1_144' title='bbox 327 2617 384 2683; x_wconf 91' lang='lat' dir='ltr'>Ab</span> <span class='ocrx_word' id='word_1_145' title='bbox 400 2640 466 2684; x_wconf 82' lang='lat' dir='ltr'>uns</span> <span class='ocrx_word' id='word_1_146' title='bbox 481 2618 567 2684; x_wconf 84' lang='lat' dir='ltr'>libra</span> <span class='ocrx_word' id='word_1_147' title='bbox 583 2619 677 2684; x_wconf 84' lang='lat' dir='ltr'>serici</span> <span class='ocrx_word' id='word_1_148' title='bbox 693 2617 934 2684; x_wconf 81' lang='lat' dir='ltr'>Kremosoini.</span> <span class='ocrx_word' id='word_1_149' title='bbox 998 2668 1004 2681; x_wconf 95' lang='lat'>.</span> <span class='ocrx_word' id='word_1_150' title='bbox 1063 2671 1069 2682; x_wconf 94' lang='lat'><em>.</em></span> <span class='ocrx_word' id='word_1_151' title='bbox 1129 2668 1137 2683; x_wconf 90' lang='lat'><strong><em>.</em></strong></span> <span class='ocrx_word' id='word_1_152' title='bbox 1189 2619 1211 2684; x_wconf 93' lang='grc'>1.</span> <span class='ocrx_word' id='word_1_153' title='bbox 1235 2659 1281 2670; x_wconf 91' lang='lat'>—-</span> <span class='ocrx_word' id='word_1_154' title='bbox 1306 2627 1346 2687; x_wconf 94' lang='grc'>25</span> <span class='ocrx_word' id='word_1_155' title='bbox 1390 2645 1404 2678; x_wconf 81' lang='lat'>›</span> 
     </span>
     <span class='ocr_line' id='line_1_21' title="bbox 328 2726 1404 2811; baseline -0.004 -18"><span class='ocrx_word' id='word_1_156' title='bbox 328 2726 385 2793; x_wconf 89' lang='lat' dir='ltr'>Ab</span> <span class='ocrx_word' id='word_1_157' title='bbox 400 2749 466 2793; x_wconf 82' lang='lat' dir='ltr'>uns</span> <span class='ocrx_word' id='word_1_158' title='bbox 481 2727 567 2792; x_wconf 82' lang='lat' dir='ltr'>libra</span> <span class='ocrx_word' id='word_1_159' title='bbox 583 2728 676 2792; x_wconf 80' lang='lat' dir='ltr'>sorioi</span> <span class='ocrx_word' id='word_1_160' title='bbox 695 2726 868 2811; x_wconf 88' lang='lat' dir='ltr'>springh.</span> <span class='ocrx_word' id='word_1_161' title='bbox 927 2777 935 2791; x_wconf 92' lang='lat'><em>.</em></span> <span class='ocrx_word' id='word_1_162' title='bbox 996 2781 1001 2790; x_wconf 90' lang='lat'><em>.</em></span> <span class='ocrx_word' id='word_1_163' title='bbox 1063 2776 1071 2792; x_wconf 89' lang='lat'><strong>.</strong></span> <span class='ocrx_word' id='word_1_164' title='bbox 1131 2777 1139 2791; x_wconf 90' lang='lat'><strong>.</strong></span> <span class='ocrx_word' id='word_1_165' title='bbox 1190 2727 1280 2793; x_wconf 84' lang='grc'>1-</span> <span class='ocrx_word' id='word_1_166' title='bbox 1306 2737 1346 2797; x_wconf 92' lang='grc'>25</span> <span class='ocrx_word' id='word_1_167' title='bbox 1391 2755 1404 2789; x_wconf 81' lang='lat'><strong>›</strong></span> 
     </span>
     <span class='ocr_line' id='line_1_22' title="bbox 327 2834 1402 2919; baseline 0.005 -19"><span class='ocrx_word' id='word_1_168' title='bbox 327 2834 384 2901; x_wconf 94' lang='lat' dir='ltr'>Ab</span> <span class='ocrx_word' id='word_1_169' title='bbox 400 2857 466 2901; x_wconf 84' lang='lat' dir='ltr'>una</span> <span class='ocrx_word' id='word_1_170' title='bbox 481 2837 576 2902; x_wconf 84' lang='lat' dir='ltr'>serici</span> <span class='ocrx_word' id='word_1_171' title='bbox 594 2836 737 2919; x_wconf 77' lang='lat' dir='ltr'>vulgaris</span> <span class='ocrx_word' id='word_1_172' title='bbox 791 2885 1134 2902; x_wconf 88' lang='grc'><strong>......</strong></span> <span class='ocrx_word' id='word_1_173' title='bbox 1187 2838 1280 2903; x_wconf 89' lang='grc'>1.-</span> <span class='ocrx_word' id='word_1_174' title='bbox 1306 2845 1345 2906; x_wconf 91' lang='grc'>15</span> <span class='ocrx_word' id='word_1_175' title='bbox 1391 2867 1402 2896; x_wconf 72' lang='grc' dir='ltr'><strong>ι</strong></span> 
     </span>
     <span class='ocr_line' id='line_1_23' title="bbox 327 2943 1404 3029; baseline -0.002 -19"><span class='ocrx_word' id='word_1_176' title='bbox 327 2944 385 3010; x_wconf 93' lang='lat' dir='ltr'>Ab</span> <span class='ocrx_word' id='word_1_177' title='bbox 400 2967 466 3011; x_wconf 80' lang='lat' dir='ltr'>una</span> <span class='ocrx_word' id='word_1_178' title='bbox 480 2945 624 3029; x_wconf 75' lang='lat' dir='ltr'>ligatura</span> <span class='ocrx_word' id='word_1_179' title='bbox 639 2943 686 3010; x_wconf 89' lang='lat' dir='ltr'>fili</span> <span class='ocrx_word' id='word_1_180' title='bbox 702 2943 833 3010; x_wconf 77' lang='lat' dir='ltr'>Turoioi</span> <span class='ocrx_word' id='word_1_181' title='bbox 861 2995 1137 3014; x_wconf 95' lang='grc'><strong>.....</strong></span> <span class='ocrx_word' id='word_1_182' title='bbox 1190 2945 1210 3010; x_wconf 93' lang='grc'>1.</span> <span class='ocrx_word' id='word_1_183' title='bbox 1235 2985 1277 2996; x_wconf 85' lang='grc'><strong>-</strong></span> <span class='ocrx_word' id='word_1_184' title='bbox 1307 2955 1345 3014; x_wconf 93' lang='grc'>12</span> <span class='ocrx_word' id='word_1_185' title='bbox 1390 2971 1404 3008; x_wconf 82' lang='lat'>›</span> 
     </span>
     <span class='ocr_line' id='line_1_24' title="bbox 327 3051 1405 3136; baseline 0.005 -19"><span class='ocrx_word' id='word_1_186' title='bbox 327 3051 384 3117; x_wconf 92' lang='lat' dir='ltr'>Ab</span> <span class='ocrx_word' id='word_1_187' title='bbox 400 3074 464 3118; x_wconf 92' lang='lat' dir='ltr'>uno</span> <span class='ocrx_word' id='word_1_188' title='bbox 480 3051 536 3118; x_wconf 83' lang='lat' dir='ltr'>bal</span> <span class='ocrx_word' id='word_1_189' title='bbox 552 3051 599 3117; x_wconf 91' lang='lat' dir='ltr'>fili</span> <span class='ocrx_word' id='word_1_190' title='bbox 614 3053 704 3136; x_wconf 80' lang='lat' dir='ltr'>plani</span> <span class='ocrx_word' id='word_1_191' title='bbox 794 3101 1138 3118; x_wconf 93' lang='grc'><strong>......</strong></span> <span class='ocrx_word' id='word_1_192' title='bbox 1191 3053 1210 3120; x_wconf 85' lang='grc'>1</span> <span class='ocrx_word' id='word_1_193' title='bbox 1261 3061 1348 3122; x_wconf 92' lang='grc'>150</span> <span class='ocrx_word' id='word_1_194' title='bbox 1392 3079 1405 3114; x_wconf 74' lang='grc'><strong>&gt;</strong></span> 
     </span>
    </p>
   </div>
   <div class='ocr_carea' id='block_1_3' title="bbox 327 3158 1509 3230">
    <p class='ocr_par' dir='ltr' id='par_1_5' title="bbox 327 3158 1509 3230">
     <span class='ocr_line' id='line_1_25' title="bbox 327 3158 1509 3230; baseline 0.003 -4"><span class='ocrx_word' id='word_1_195' title='bbox 327 3159 384 3226; x_wconf 95' lang='lat' dir='ltr'>Ab</span> <span class='ocrx_word' id='word_1_196' title='bbox 400 3183 465 3226; x_wconf 81' lang='lat' dir='ltr'>una</span> <span class='ocrx_word' id='word_1_197' title='bbox 479 3158 564 3226; x_wconf 83' lang='lat' dir='ltr'>libra</span> <span class='ocrx_word' id='word_1_198' title='bbox 579 3161 626 3224; x_wconf 86' lang='lat' dir='ltr'>fili</span> <span class='ocrx_word' id='word_1_199' title='bbox 643 3159 725 3226; x_wconf 83' lang='lat' dir='ltr'>susci</span> <span class='ocrx_word' id='word_1_200' title='bbox 792 3209 1138 3226; x_wconf 92' lang='grc'><strong>......</strong></span> <span class='ocrx_word' id='word_1_201' title='bbox 1191 3162 1211 3228; x_wconf 87' lang='lat' dir='ltr'>f.</span> <span class='ocrx_word' id='word_1_202' title='bbox 1261 3169 1348 3230; x_wconf 90' lang='grc'>125</span> <span class='ocrx_word' id='word_1_203' title='bbox 1393 3187 1405 3222; x_wconf 72' lang='lat'><em>2</em></span> <span class='ocrx_word' id='word_1_204' title='bbox 1508 3175 1509 3178; x_wconf 76' lang='grc'>’</span> 
     </span>
    </p>
   </div>
   <div class='ocr_carea' id='block_1_4' title="bbox 326 3267 1145 3460">
    <p class='ocr_par' dir='ltr' id='par_1_6' title="bbox 326 3267 1145 3460">
     <span class='ocr_line' id='line_1_26' title="bbox 326 3267 1145 3353; baseline -0.002 -19"><span class='ocrx_word' id='word_1_205' title='bbox 326 3270 412 3334; x_wconf 82' lang='lat' dir='ltr'>Item</span> <span class='ocrx_word' id='word_1_206' title='bbox 438 3290 521 3353; x_wconf 81' lang='lat' dir='ltr'>qnae</span> <span class='ocrx_word' id='word_1_207' title='bbox 546 3289 611 3334; x_wconf 93' lang='lat' dir='ltr'>non</span> <span class='ocrx_word' id='word_1_208' title='bbox 636 3273 712 3333; x_wconf 88' lang='lat' dir='ltr'>sunt</span> <span class='ocrx_word' id='word_1_209' title='bbox 736 3269 770 3332; x_wconf 92' lang='lat' dir='ltr'>in</span> <span class='ocrx_word' id='word_1_210' title='bbox 786 3267 935 3350; x_wconf 76' lang='lat' dir='ltr'>vectigali</span> <span class='ocrx_word' id='word_1_211' title='bbox 953 3269 1145 3352; x_wconf 83' lang='lat' dir='ltr'>tricesimae,</span> 
     </span>
     <span class='ocr_line' id='line_1_27' title="bbox 435 3376 881 3460; baseline -0.007 -17"><span class='ocrx_word' id='word_1_212' title='bbox 435 3379 527 3443; x_wconf 78' lang='lat' dir='ltr'>iuxta</span> <span class='ocrx_word' id='word_1_213' title='bbox 543 3376 686 3442; x_wconf 84' lang='lat' dir='ltr'>valorem</span> <span class='ocrx_word' id='word_1_214' title='bbox 703 3377 881 3460; x_wconf 75' lang='lat' dir='ltr'>exigantur.</span> 
     </span>
    </p>
   </div>
   <div class='ocr_carea' id='block_1_5' title="bbox 612 3555 1175 3625">
    <p class='ocr_par' dir='ltr' id='par_1_7' title="bbox 612 3555 1175 3625">
     <span class='ocr_line' id='line_1_28' title="bbox 612 3555 1175 3625; baseline 0.005 -3"><span class='ocrx_word' id='word_1_215' title='bbox 612 3557 673 3623; x_wconf 84' lang='lat' dir='ltr'>De</span> <span class='ocrx_word' id='word_1_216' title='bbox 697 3555 967 3622; x_wconf 83' lang='lat' dir='ltr'>sindonibus</span> <span class='ocrx_word' id='word_1_217' title='bbox 992 3563 1034 3622; x_wconf 86' lang='lat' dir='ltr'>et</span> <span class='ocrx_word' id='word_1_218' title='bbox 1059 3557 1175 3625; x_wconf 82' lang='lat' dir='ltr'>telis</span> 
     </span>
    </p>
   </div>
   <div class='ocr_carea' id='block_1_6' title="bbox 326 3683 1404 4422">
    <p class='ocr_par' dir='ltr' id='par_1_8' title="bbox 326 3683 1404 4422">
     <span class='ocr_line' id='line_1_29' title="bbox 326 3683 1404 3769; baseline -0.005 -18"><span class='ocrx_word' id='word_1_219' title='bbox 326 3684 383 3751; x_wconf 92' lang='lat' dir='ltr'>Ab</span> <span class='ocrx_word' id='word_1_220' title='bbox 399 3707 463 3753; x_wconf 89' lang='lat' dir='ltr'>uno</span> <span class='ocrx_word' id='word_1_221' title='bbox 479 3686 535 3752; x_wconf 87' lang='lat' dir='ltr'>bal</span> <span class='ocrx_word' id='word_1_222' title='bbox 551 3684 696 3751; x_wconf 88' lang='lat' dir='ltr'>sindonis</span> <span class='ocrx_word' id='word_1_223' title='bbox 712 3683 816 3769; x_wconf 82' lang='lat' dir='ltr'>gallen</span> <span class='ocrx_word' id='word_1_224' title='bbox 863 3736 868 3748; x_wconf 93' lang='lat'>.</span> <span class='ocrx_word' id='word_1_225' title='bbox 928 3733 936 3749; x_wconf 93' lang='lat'><strong>.</strong></span> <span class='ocrx_word' id='word_1_226' title='bbox 995 3733 1002 3750; x_wconf 92' lang='lat'>.</span> <span class='ocrx_word' id='word_1_227' title='bbox 1063 3737 1071 3752; x_wconf 92' lang='lat'>.</span> <span class='ocrx_word' id='word_1_228' title='bbox 1130 3738 1137 3752; x_wconf 91' lang='lat'><strong>.</strong></span> <span class='ocrx_word' id='word_1_229' title='bbox 1190 3687 1211 3752; x_wconf 93' lang='grc'>1.</span> <span class='ocrx_word' id='word_1_230' title='bbox 1258 3695 1347 3753; x_wconf 91' lang='grc'>2-</span> <span class='ocrx_word' id='word_1_231' title='bbox 1391 3713 1404 3746; x_wconf 82' lang='lat'><strong>»</strong></span> 
     </span>
     <span class='ocr_line' id='line_1_30' title="bbox 328 3795 1402 3881; baseline -0.004 -21"><span class='ocrx_word' id='word_1_232' title='bbox 328 3795 360 3861; x_wconf 91' lang='lat' dir='ltr'>A</span> <span class='ocrx_word' id='word_1_233' title='bbox 377 3797 470 3881; x_wconf 85' lang='lat' dir='ltr'>peoia</span> <span class='ocrx_word' id='word_1_234' title='bbox 486 3795 629 3861; x_wconf 80' lang='lat' dir='ltr'>eiusdem</span> <span class='ocrx_word' id='word_1_235' title='bbox 660 3841 1137 3861; x_wconf 90' lang='grc'><strong>........</strong></span> <span class='ocrx_word' id='word_1_236' title='bbox 1190 3796 1279 3862; x_wconf 92' lang='grc'>1.-</span> <span class='ocrx_word' id='word_1_237' title='bbox 1328 3804 1346 3864; x_wconf 85' lang='lat'><strong>5</strong></span> <span class='ocrx_word' id='word_1_238' title='bbox 1390 3823 1402 3856; x_wconf 71' lang='grc' dir='ltr'><strong><em>ι</em></strong></span> 
     </span>
     <span class='ocr_line' id='line_1_31' title="bbox 330 3901 1404 3986; baseline -0.005 -17"><span class='ocrx_word' id='word_1_239' title='bbox 330 3902 387 3970; x_wconf 92' lang='lat' dir='ltr'>Ab</span> <span class='ocrx_word' id='word_1_240' title='bbox 403 3925 468 3970; x_wconf 92' lang='lat' dir='ltr'>uno</span> <span class='ocrx_word' id='word_1_241' title='bbox 485 3905 614 3971; x_wconf 79' lang='lat' dir='ltr'>vasculo</span> <span class='ocrx_word' id='word_1_242' title='bbox 631 3902 777 3969; x_wconf 82' lang='lat' dir='ltr'>sindonis</span> <span class='ocrx_word' id='word_1_243' title='bbox 802 3901 945 3986; x_wconf 69' lang='lat' dir='ltr'>truppaJv‘</span> <span class='ocrx_word' id='word_1_244' title='bbox 998 3951 1005 3967; x_wconf 93' lang='lat'>.</span> <span class='ocrx_word' id='word_1_245' title='bbox 1064 3953 1072 3967; x_wconf 92' lang='lat'><strong>.</strong></span> <span class='ocrx_word' id='word_1_246' title='bbox 1133 3953 1140 3966; x_wconf 94' lang='lat'><em>.</em></span> <span class='ocrx_word' id='word_1_247' title='bbox 1192 3905 1213 3971; x_wconf 85' lang='lat' dir='ltr'>f.</span> <span class='ocrx_word' id='word_1_248' title='bbox 1259 3917 1346 3970; x_wconf 88' lang='lat'>3-</span> <span class='ocrx_word' id='word_1_249' title='bbox 1391 3929 1404 3964; x_wconf 67' lang='grc' dir='ltr'><strong>ι</strong></span> 
     </span>
     <span class='ocr_line' id='line_1_32' title="bbox 328 4011 1402 4098; baseline 0.002 -20"><span class='ocrx_word' id='word_1_250' title='bbox 328 4011 361 4078; x_wconf 88' lang='grc' dir='ltr'><strong>Α</strong></span> <span class='ocrx_word' id='word_1_251' title='bbox 377 4013 470 4098; x_wconf 83' lang='lat' dir='ltr'>peoia</span> <span class='ocrx_word' id='word_1_252' title='bbox 486 4013 628 4078; x_wconf 83' lang='lat' dir='ltr'>eiusdem</span> <span class='ocrx_word' id='word_1_253' title='bbox 657 4058 1138 4078; x_wconf 90' lang='grc'><strong>........</strong></span> <span class='ocrx_word' id='word_1_254' title='bbox 1190 4012 1278 4078; x_wconf 89' lang='grc'>1.-</span> <span class='ocrx_word' id='word_1_255' title='bbox 1305 4021 1346 4081; x_wconf 89' lang='grc'>50</span> <span class='ocrx_word' id='word_1_256' title='bbox 1390 4037 1402 4070; x_wconf 75' lang='lat'><strong>³</strong></span> 
     </span>
     <span class='ocr_line' id='line_1_33' title="bbox 327 4117 1403 4205; baseline -0.008 -17"><span class='ocrx_word' id='word_1_257' title='bbox 327 4119 383 4188; x_wconf 93' lang='lat' dir='ltr'>Ab</span> <span class='ocrx_word' id='word_1_258' title='bbox 400 4143 465 4186; x_wconf 91' lang='lat' dir='ltr'>uno</span> <span class='ocrx_word' id='word_1_259' title='bbox 481 4119 536 4188; x_wconf 86' lang='lat' dir='ltr'>bal</span> <span class='ocrx_word' id='word_1_260' title='bbox 553 4119 705 4204; x_wconf 86' lang='lat' dir='ltr'>sindonis,</span> <span class='ocrx_word' id='word_1_261' title='bbox 729 4119 859 4205; x_wconf 89' lang='lat' dir='ltr'>longior</span> <span class='ocrx_word' id='word_1_262' title='bbox 874 4121 908 4185; x_wconf 84' lang='lat' dir='ltr'>et</span> <span class='ocrx_word' id='word_1_263' title='bbox 924 4117 1030 4185; x_wconf 82' lang='lat' dir='ltr'>haitot</span> <span class='ocrx_word' id='word_1_264' title='bbox 1061 4171 1069 4186; x_wconf 93' lang='lat'><strong><em>.</em></strong></span> <span class='ocrx_word' id='word_1_265' title='bbox 1128 4169 1136 4186; x_wconf 91' lang='lat'><strong>.</strong></span> <span class='ocrx_word' id='word_1_266' title='bbox 1187 4120 1209 4186; x_wconf 97' lang='grc'>1.</span> <span class='ocrx_word' id='word_1_267' title='bbox 1255 4125 1347 4186; x_wconf 89' lang='grc'>4-</span> <span class='ocrx_word' id='word_1_268' title='bbox 1391 4144 1403 4179; x_wconf 71' lang='grc' dir='ltr'><strong>ι</strong></span> 
     </span>
     <span class='ocr_line' id='line_1_34' title="bbox 327 4227 1404 4314; baseline 0.001 -19"><span class='ocrx_word' id='word_1_269' title='bbox 327 4227 361 4295; x_wconf 94' lang='lat' dir='ltr'>A</span> <span class='ocrx_word' id='word_1_270' title='bbox 377 4229 471 4314; x_wconf 82' lang='lat' dir='ltr'>peoia</span> <span class='ocrx_word' id='word_1_271' title='bbox 490 4229 633 4296; x_wconf 85' lang='lat' dir='ltr'>eiusdem</span> <span class='ocrx_word' id='word_1_272' title='bbox 660 4277 1138 4295; x_wconf 92' lang='grc'><strong>........</strong></span> <span class='ocrx_word' id='word_1_273' title='bbox 1190 4229 1211 4294; x_wconf 92' lang='grc'>1.</span> <span class='ocrx_word' id='word_1_274' title='bbox 1236 4268 1278 4279; x_wconf 98' lang='grc'>-</span> <span class='ocrx_word' id='word_1_275' title='bbox 1327 4237 1345 4296; x_wconf 91' lang='grc'><strong>5</strong></span> <span class='ocrx_word' id='word_1_276' title='bbox 1391 4255 1404 4288; x_wconf 84' lang='lat'><strong>»</strong></span> 
     </span>
     <span class='ocr_line' id='line_1_35' title="bbox 329 4335 1404 4422; baseline -0.006 -18"><span class='ocrx_word' id='word_1_277' title='bbox 329 4335 385 4404; x_wconf 93' lang='lat' dir='ltr'>Ab</span> <span class='ocrx_word' id='word_1_278' title='bbox 401 4359 467 4404; x_wconf 89' lang='lat' dir='ltr'>uno</span> <span class='ocrx_word' id='word_1_279' title='bbox 484 4337 614 4404; x_wconf 82' lang='lat' dir='ltr'>vasculo</span> <span class='ocrx_word' id='word_1_280' title='bbox 631 4335 777 4403; x_wconf 85' lang='lat' dir='ltr'>sindonis</span> <span class='ocrx_word' id='word_1_281' title='bbox 793 4341 937 4422; x_wconf 82' lang='lat' dir='ltr'>gyapot.</span> <span class='ocrx_word' id='word_1_282' title='bbox 997 4387 1005 4403; x_wconf 92' lang='lat'><strong>.</strong></span> <span class='ocrx_word' id='word_1_283' title='bbox 1063 4388 1070 4403; x_wconf 92' lang='lat'>.</span> <span class='ocrx_word' id='word_1_284' title='bbox 1131 4387 1138 4402; x_wconf 92' lang='lat'><strong>.</strong></span> <span class='ocrx_word' id='word_1_285' title='bbox 1191 4337 1212 4403; x_wconf 87' lang='grc'>1.</span> <span class='ocrx_word' id='word_1_286' title='bbox 1257 4343 1346 4403; x_wconf 85' lang='grc'>4-</span> <span class='ocrx_word' id='word_1_287' title='bbox 1391 4362 1404 4398; x_wconf 68' lang='grc' dir='ltr'><strong>ι</strong></span> 
     </span>
    </p>
   </div>
   <div class='ocr_carea' id='block_1_7' title="bbox 326 4445 1403 4638">
    <p class='ocr_par' dir='ltr' id='par_1_9' title="bbox 326 4445 1403 4638">
     <span class='ocr_line' id='line_1_36' title="bbox 326 4445 1403 4532; baseline 0.001 -20"><span class='ocrx_word' id='word_1_288' title='bbox 326 4445 360 4512; x_wconf 90' lang='lat' dir='ltr'>A</span> <span class='ocrx_word' id='word_1_289' title='bbox 376 4448 469 4532; x_wconf 83' lang='lat' dir='ltr'>pecin</span> <span class='ocrx_word' id='word_1_290' title='bbox 485 4445 626 4512; x_wconf 78' lang='lat' dir='ltr'>eiusdem</span> <span class='ocrx_word' id='word_1_291' title='bbox 658 4493 1137 4512; x_wconf 91' lang='grc'><strong>........</strong></span> <span class='ocrx_word' id='word_1_292' title='bbox 1189 4447 1210 4512; x_wconf 92' lang='grc'>1.</span> <span class='ocrx_word' id='word_1_293' title='bbox 1234 4487 1278 4496; x_wconf 92' lang='grc'>-</span> <span class='ocrx_word' id='word_1_294' title='bbox 1326 4454 1344 4514; x_wconf 90' lang='lat'><strong>3</strong></span> <span class='ocrx_word' id='word_1_295' title='bbox 1391 4471 1403 4504; x_wconf 81' lang='lat'><strong>›</strong></span> 
     </span>
     <span class='ocr_line' id='line_1_37' title="bbox 326 4553 1143 4638; baseline 0 -18"><span class='ocrx_word' id='word_1_296' title='bbox 326 4554 361 4620; x_wconf 93' lang='lat' dir='ltr'>A</span> <span class='ocrx_word' id='word_1_297' title='bbox 378 4555 512 4622; x_wconf 87' lang='lat' dir='ltr'>sindono</span> <span class='ocrx_word' id='word_1_298' title='bbox 530 4553 701 4622; x_wconf 84' lang='lat' dir='ltr'>Goustuoh</span> <span class='ocrx_word' id='word_1_299' title='bbox 717 4556 809 4620; x_wconf 84' lang='lat' dir='ltr'>iuxta</span> <span class='ocrx_word' id='word_1_300' title='bbox 828 4554 970 4620; x_wconf 77' lang='lat' dir='ltr'>valorem</span> <span class='ocrx_word' id='word_1_301' title='bbox 987 4556 1143 4638; x_wconf 83' lang='lat' dir='ltr'>exigatur.</span> 
     </span>
    </p>
   </div>
   <div class='ocr_carea' id='block_1_8' title="bbox 0 0 1526 5404">
    <p class='ocr_par' dir='ltr' id='par_1_10' title="bbox 0 0 1526 5404">
     <span class='ocr_line' id='line_1_38' title="bbox 0 0 1526 5404; baseline 0 0"><span class='ocrx_word' id='word_1_302' title='bbox 0 0 1526 5404; x_wconf 95' lang='lat' dir='ltr'> </span> 
     </span>
    </p>
   </div>
  </div>
 </body>
</html>
