3042 5404
343 504 407 566 222
715 515 833 563 sensnm
850 513 1102 565 onsrleordntsss.

342 687 405 765 tur,
421 680 471 746 vel
488 702 527 746 ea
551 679 668 744 saltem
683 679 820 764 ratione,
845 679 932 764 quod
958 687 992 745 et
1007 679 1049 746 D.
1074 679 1286 746 commissarii
1312 681 1453 747 novisimi

342 792 438 858 Mrem
452 789 547 858 vram
583 809 662 854 sacr.
688 788 770 854 nihil
793 789 1047 874 immutaturam,
1072 791 1169 857 verbo
1193 789 1270 855 Mus
1289 789 1368 861 Vrae
1389 813 1453 858 sacr.

215 934 217 938 ·
341 904 375 968 in
391 899 522 986 publico
537 897 688 963 ordinum
704 898 983 982 conventupalam
999 901 1255 984 pronunciarint.

450 1013 480 1074 4.
496 1007 611 1091 Porro,
627 1007 896 1091 quemadmodum
915 1013 1061 1092 tempore
1071 1010 1195 1093 primae
1206 1008 1360 1074 cessionis
1374 1005 1455 1090 Sigie

345 1118 457 1186 mundi
481 1115 637 1202 principis
661 1121 695 1180 et
724 1116 953 1199 resignationis
977 1117 1161 1200 provinciae
1186 1115 1456 1202 Transsylvanicae

343 1227 423 1293 Mass
443 1226 508 1296 vra
518 1247 599 1291 sacr.
615 1223 807 1308 interposito
817 1225 999 1290 iuramento
1009 1225 1171 1293 dictorum
1181 1227 1455 1293 commissariorum

341 1358 472 1402 suorum
486 1333 528 1400 D.
538 1331 697 1418 Stephani
713 1330 828 1424 Ztubay
844 1338 878 1397 et
893 1332 1101 1418 reliquorum,
1121 1335 1300 1400 clementer
1315 1335 1378 1400 hoc
1391 1355 1451 1418 pro·

341 1426 489 1527 miserit,
506 1440 592 1527 quod
618 1441 827 1524 consiliarios,
853 1441 1040 1524 capitaneos
1066 1447 1099 1508 et
1116 1441 1273 1508 officiales
1289 1444 1322 1508 in
1338 1441 1455 1512 admini-

341 1551 498 1618 stratione
522 1549 706 1634 provinciae
730 1547 881 1631 Ungaros
905 1546 1048 1614 habebit
1074 1547 1126 1616 Eo
1142 1549 1271 1616 nomine
1287 1551 1454 1638 supplicant

340 1659 469 1725 ordines
494 1657 682 1740 humillime,
706 1655 853 1721 11th
868 1655 933 1724 Vra
951 1677 1032 1722 sacr.
1058 1656 1190 1723 easdem
1221 1656 1456 1725 constitutioies

340 1789 427 1834 nunc
443 1787 572 1852 quoqne
588 1765 765 1831 clementer
780 1763 962 1848 admittere,
979 1763 1237 1850 confirmareque
1253 1766 1409 1851 dignetur.

449 1879 478 1941 5.
495 1873 579 1940 Oum
595 1879 704 1940 autem
719 1873 785 1938 iam
795 1893 815 1937 a
825 1871 1174 1957 quinquagintaferme
1189 1895 1350 1940 annorum
1366 1877 1456 1959 spatio

340 2005 450 2050 omnes
475 2003 616 2064 caussae,
643 1979 844 2046 differentiae
869 1986 902 2045 et
926 1981 1009 2063 lites,
1034 1981 1121 2046 inter
1144 1981 1361 2067 provinciales
1384 1983 1457 2046 ultro

340 2094 488 2176 citroque
504 2095 605 2172 ortae,
621 2087 741 2154 iudicio
757 2087 900 2154 iudicum
916 2088 1059 2154 eiusdem
1074 2089 1262 2173 provinciae
1277 2111 1402 2174 semper
1415 2089 1459 2154 de·

340 2201 426 2266 cisae
443 2205 477 2265 et
506 2197 743 2263 determinatae
767 2193 898 2280 fuerint,
912 2195 999 2262 hunc
1014 2202 1157 2262 veterem
1175 2199 1362 2282 provinciae
1377 2219 1457 2263 usum

339 2310 380 2375 ob
396 2314 593 2376 vetustatem
617 2327 676 2390 pro
701 2304 796 2371 firma
819 2305 892 2388 lege
916 2305 982 2371 iam
1006 2305 1164 2391 habitum,
1189 2316 1368 2393 propterea
1382 2305 1458 2390 quod

338 2416 552 2502 provinciales
568 2414 609 2481 ob
634 2414 828 2480 facultatum
853 2414 1048 2479 tenuitatem
1074 2421 1167 2480 extra
1184 2436 1255 2480 eam
1271 2415 1459 2500 provinciam

338 2523 583 2610 prosequendae
607 2523 675 2588 litis
701 2543 815 2588 caussa
839 2519 999 2606 proficisci
1024 2529 1197 2607 nequeant,
1213 2521 1296 2588 Meas
1311 2523 1457 2592 Vsssucr.

339 2635 515 2699 clementer
525 2637 633 2697 ratum
643 2629 835 2713 firmumque
845 2628 967 2694 habere
990 2631 1079 2714 velit,
1095 2631 1225 2697 ordines
1240 2631 1460 2697 demississime

338 2741 534 2827 supplicant.

447 2855 476 2916 6.
492 2847 679 2930 Praeterea,
704 2845 810 2912 dictus
825 2844 972 2912 Michael
998 2847 1143 2930 vaivoda,
1159 2845 1235 2912 dum
1250 2847 1285 2911 in
1301 2845 1461 2930 Transspl·

337 2961 434 3028 vania
450 2963 544 3040 esset,
561 2955 740 3022 donaverat
755 2955 882 3038 aliquos
898 2975 937 3020 ex
957 2955 1117 3020 militibus
1133 2955 1199 3020 suis
1215 2955 1461 3038 possessionibus

338 3075 372 3135 et
387 3067 480 3133 villis.
496 3063 623 3149 Quibus
648 3064 682 3128 in
705 3063 816 3146 vigore
841 3063 1017 3146 servandis,
1042 3085 1114 3128 cum
1140 3061 1268 3128 ordines
1284 3063 1461 3147 provinciae

337 3182 473 3261 propter
488 3193 620 3258 operam
636 3191 747 3236 eorum
763 3169 912 3254 militum,
927 3171 962 3234 in
977 3169 1167 3254 expellendo
1185 3167 1349 3234 Michaele
1374 3191 1461 3235 nava·

335 3291 413 3367 tam,
429 3281 527 3348 fidem
543 3277 701 3360 dederint,
727 3277 813 3362 quod
838 3277 955 3344 illustr.
980 3299 1108 3363 quoque
1124 3276 1166 3342 D.
1186 3275 1350 3360 Georgius
1365 3277 1463 3343 Basta

336 3389 547 3478 approbavit:
565 3393 660 3453 orant
676 3385 804 3452 ordines
814 3385 1002 3470 humillime,
1019 3393 1057 3451 nt
1071 3383 1154 3450 Mau
1168 3385 1233 3453 Vra
1243 3407 1324 3452 sacr.
1340 3385 1462 3452 eosdem

334 3500 454 3565 milites
470 3497 560 3563 iniis
576 3495 670 3561 bonis
681 3515 871 3560 conservare
881 3493 971 3576 velit,
988 3515 1052 3578 quo
1063 3497 1096 3558 et
1110 3491 1191 3558 fides
1201 3493 1361 3578 ordinum,
1376 3513 1463 3558 snum

334 3610 491 3676 sortiatur
506 3607 664 3688 roborem,
688 3605 810 3670 milites
837 3624 913 3668 vero
929 3623 1041 3668 rursus
1060 3601 1253 3687 promptiori
1269 3603 1378 3668 animo
1395 3623 1464 3686 ope·

333 3741 404 3785 ram
421 3737 512 3782 suam
531 3718 709 3798 praestent

443 3827 471 3888 ‘t
497 3820 583 3887 Sunt
606 3822 640 3885 in
666 3819 798 3902 Siculis,
822 3839 888 3884 una
912 3822 1006 3902 parte
1031 3815 1311 3902 Transsylvaniae,
1334 3817 1465 3914 nobiles¹

334 3933 390 4017 qui
407 3930 528 3998 colonis
544 3929 609 3994 suis
628 3927 754 4011 Siculis,
773 3931 907 4011 propter
922 3927 1110 3995 restitutam
1126 3927 1173 3990 eis
1189 3925 1388 4010 libertatem,
1402 3927 1464 4011 pri·

333 4041 401 4108 vati
418 4043 502 4104 sunt.
519 4034 645 4120 Quibus
670 4037 843 4120 nobilibus,
859 4057 931 4101 cum
951 4041 984 4100 et
999 4035 1150 4118 princeps
1167 4031 1402 4118 Sigismnndus,
1418 4055 1464 4098 re·

333 4149 469 4215 stitutae
484 4144 650 4212 libertatis
675 4151 829 4230 tempore,
855 4145 955 4210 talem
980 4141 1095 4209 fecerit
1110 4143 1361 4228 promissionem,
1378 4141 1464 4227 quod

332 4257 399 4323 alia
422 4254 508 4321 bona
533 4255 580 4320 eis
605 4251 757 4320 conferet.
782 4253 824 4319 In
850 4273 888 4318 eo
904 4253 1000 4317 Mrem
1016 4251 1098 4321 Vrsa
1114 4273 1194 4317 sacr.
1220 4251 1349 4317 ordines
1372 4251 1464 4333 regni

331 4363 511 4430 humillime
537 4368 640 4446 orant,
665 4383 730 4444 quo
757 4359 838 4426 Meas
853 4360 919 4428 vra
939 4382 1019 4426 sacr.
1046 4360 1176 4426 colonos
1201 4357 1328 4426 Siculos
1352 4357 1399 4422 eis
1417 4379 1465 4421 re·

332 4471 513 4538 stitnendos
528 4469 640 4534 iubere
668 4469 829 4552 dignetur.
845 4467 909 4538 Vel
925 4470 952 4534 si
968 4467 1050 4533 Meas
1065 4467 1130 4535 Vra
1158 4489 1239 4533 sacr.
1255 4463 1382 4532 Siculos
1398 4465 1465 4550 ple·

332 4581 409 4648 beos
424 4580 458 4644 in
473 4577 537 4642 hac
560 4575 713 4641 libertate
730 4575 965 4641 conservandos
991 4576 1153 4659 statuerit,
1170 4573 1357 4640 donatarius
1370 4573 1466 4637 insta

332 4687 577 4774 promissionem
593 4681 792 4766 Sigismundi
817 4685 972 4770 principis
997 4684 1156 4749 similibus
1186 4681 1279 4749 bonis
1295 4687 1464 4746 contentos
