3062 5414
325 419 390 480 104
698 404 815 476 sinuum
831 423 1084 474 orszloardntsan.

1514 431 1516 480 l

1514 487 1516 568 r

320 603 381 661 tus.
401 595 470 679 Ipsi
486 599 595 660 autem
611 593 719 658 subito
736 592 944 657 serenitatem
961 593 1102 656 vestram
1119 591 1153 654 in
1168 586 1441 671 principemquod
1513 569 1516 658 l

322 705 392 788 ipsa
408 725 472 768 non
487 701 684 786 postulabat,
701 702 878 784 elegerunt.
895 699 993 765 Nunc
1010 720 1049 764 cx
1065 697 1205 764 Polonia
1220 696 1363 762 uicissim
1370 694 1442 758 nihil

1514 755 1516 772 l

322 813 389 877 tale
420 813 626 894 cogitantem,
658 816 772 894 sponte
803 811 837 874 in
868 810 1047 892 principem
1073 810 1220 890 electum,
1246 809 1441 870 reuocorunt
1515 857 1516 884 ,

322 919 401 986 Jarn
427 925 536 984 autem
560 925 723 1000 accusant,
749 919 814 984 iam
830 925 1080 1002 persequuntur,
1097 940 1169 982 cum
1185 916 1247 1000 ipsi
1263 915 1362 999 paulo
1376 917 1443 978 ante
1514 929 1516 1000 j

320 1029 354 1094 in
378 1026 474 1091 fidem
500 1027 640 1092 caesaris
663 1027 853 1091 iurauerint.
878 1025 1039 1092 Poterant
1071 1025 1202 1110 quidem
1225 1025 1287 1107 ipsi
1313 1027 1441 1088 vestram
1515 1055 1516 1058 ¹

322 1137 531 1202 serenitatem
548 1136 677 1218 eligere,
694 1135 750 1200 sed
766 1135 831 1199 alia
847 1135 902 1199 uia
919 1156 1017 1218 quam
1034 1133 1166 1217 quidam
1181 1134 1381 1212 inuenerant,
1395 1127 1443 1192 scd
1515 1191 1516 1194 ,

325 1243 496 1325 cerebrosi,
521 1249 558 1308 ut
583 1243 732 1308 solebant
757 1263 883 1326 semper
907 1242 1107 1308 inconditam
1132 1240 1269 1324 plebem,
1287 1240 1321 1303 in
1338 1236 1442 1302 deteri-
1514 1271 1516 1294 ι

329 1375 418 1418 orem
443 1357 614 1416 traxerunt
630 1353 833 1417 sententiam.
849 1350 874 1416 J
876 1375 928 1416 arn
943 1373 1021 1416 uero
1038 1352 1136 1416 etiam
1153 1351 1180 1413 si
1196 1355 1267 1414 arte
1284 1348 1392 1429 aliqua
1405 1365 1445 1408 re·
1515 1327 1516 1336 ἵ

325 1466 491 1526 stauretur
510 1465 618 1525 restra
634 1461 792 1526 serenitas
818 1483 889 1526 cunr
915 1461 1074 1544 dignitate
1089 1459 1210 1540 uiuere,
1226 1463 1298 1522 tute
1313 1475 1443 1539 praeser-

325 1571 385 1633 tim
410 1591 473 1634 non
491 1575 610 1653 posset.
626 1569 799 1636 Provincia
815 1577 887 1636 tota
902 1570 979 1654 fere,
994 1571 1060 1652 igni
1079 1575 1112 1635 et
1127 1569 1214 1634 ferro
1230 1567 1300 1632 solo
1315 1570 1444 1648 aequata
1515 1633 1516 1636 ,

326 1683 383 1742 est.
410 1674 540 1742 Subditi
567 1679 726 1760 exhausti,
752 1679 900 1744 redditus
925 1679 1029 1762 pauci.
1045 1677 1218 1744 Praesidio
1242 1674 1443 1752 Varadiuum,

324 1785 466 1870 Kedvtr,
491 1787 590 1870 Huzt,
607 1787 714 1853 Bania
729 1789 814 1854 ostia
830 1787 1076 1854 Transilvaniae
1092 1789 1127 1852 in
1142 1785 1292 1852 manibus
1308 1783 1443 1850 caesaris.

325 1892 454 1960 Graues
479 1900 512 1960 ct
530 1895 705 1978 prudentes
722 1896 846 1960 desunt.
864 1893 953 1978 Quos
969 1895 1070 1961 habet
1085 1895 1159 1959 illos
1176 1895 1333 1959 serenitas
1347 1897 1445 1956 vestra

325 2003 425 2086 nouit,
436 2008 469 2067 et
484 2025 542 2068 nos
557 2002 730 2068 nouimus?
746 2002 772 2068 J
773 2027 893 2069 oannes
910 2005 1056 2084 Regulus
1073 2004 1248 2087 superioris
1263 2001 1443 2083 Hungarise

325 2116 420 2197 parte
429 2111 497 2176 fere
506 2113 640 2196 potitus,
650 2118 764 2196 potens
775 2112 890 2196 opibus
901 2120 933 2178 et
943 2113 1056 2195 milite,
1072 2113 1196 2178 recenti
1205 2109 1445 2190 adhucHunga·
1514 2117 1516 2158 ἐ

326 2221 395 2286 riae
404 2219 492 2303 flore,
502 2227 660 2304 quantum
671 2221 853 2286 Turearum
864 2221 1118 2287 etTartarorum
1133 2218 1256 2283 viribus
1272 2217 1444 2302 profecerit,

325 2331 410 2396 luxit
429 2331 496 2413 ipse
514 2351 622 2394 coram
641 2351 698 2394 suo
718 2331 872 2412 exercitu,
882 2332 974 2412 luget
985 2335 1018 2394 et
1027 2351 1113 2393 nunc
1133 2326 1257 2392 afflicta
1272 2326 1444 2408 Hungaria

327 2435 415 2521 Quid
431 2443 536 2503 autem
549 2438 705 2502 serenitas
715 2444 824 2503 vestra
832 2440 866 2502 in
877 2440 1009 2521 exiguas
1019 2439 1084 2502 iam
1094 2437 1262 2518 angustias
1272 2435 1445 2500 Transilru

325 2548 400 2611 niae
410 2547 569 2628 conclusa,
575 2553 689 2612 contra
698 2553 826 2612 tantum
836 2547 1044 2612 monarcham
1055 2543 1282 2612 faceretPNisi
1291 2545 1323 2608 in
1335 2542 1446 2608 auxilia

329 2653 511 2719 Parcarum
521 2675 610 2738 spem
619 2653 780 2738 poneret?
793 2653 858 2720 Sed
868 2677 966 2739 quam
982 2657 1032 2720 illi
1048 2657 1147 2720 etiam
1163 2658 1214 2720 tot
1229 2659 1355 2719 vestrae
1372 2671 1445 2717 sero·

327 2762 442 2827 nitatis
467 2762 572 2826 literis
596 2763 753 2847 requisiti,
778 2770 910 2847 praesto
934 2785 1039 2847 nuper
1063 2765 1097 2827 in
1112 2763 1236 2846 proelio
1253 2783 1326 2827 cum
1342 2779 1445 2843 suppe-
1514 2829 1516 2834 ,

327 2869 384 2954 tijs
399 2868 529 2952 suerint,
545 2874 653 2935 vestra
676 2872 834 2936 serenitas
858 2871 1020 2955 probauit.
1047 2868 1112 2935 Sed
1128 2870 1255 2934 etiamsi
1281 2869 1365 2934 vires
1381 2887 1445 2930 suas

329 2978 521 3063 conferrent,
546 3001 605 3062 pro
631 3003 665 3045 se
690 2987 777 3046 certe
804 2987 837 3046 ct
862 3003 926 3045 non
941 3003 1000 3065 pro
1017 2980 1192 3045 serenitate
1208 2982 1317 3044 vestra
1331 2978 1446 3042 labora·
1515 2997 1516 3004 ¹

329 3088 420 3153 bunt.
431 3086 523 3152 Tulit
534 3094 568 3151 et
584 3085 768 3154 Solimanus
779 3095 893 3154 contra
902 3088 1147 3153 Perdinandum
1162 3085 1324 3151 infantulo
1334 3083 1358 3148 J
1361 3081 1446 3148 oanni

329 3196 512 3281 suppetias:
539 3195 596 3259 sed
615 3197 711 3262 titulo
728 3199 850 3262 tutorio
866 3219 925 3280 pro
942 3219 976 3260 se
993 3197 1122 3261 Budam
1139 3200 1172 3260 et
1187 3195 1306 3260 bonam
1321 3193 1447 3274 Hunga-

329 3306 398 3370 riae
414 3310 542 3387 partem
558 3306 737 3388 occupauit
757 3305 840 3370 Esto
858 3305 966 3370 Turca
982 3307 1025 3370 sit
1042 3303 1204 3370 sufficiens
1224 3309 1258 3368 et
1272 3304 1307 3368 in
1323 3299 1448 3366 defensi·

330 3433 390 3478 ons
406 3434 566 3497 syncerus.
583 3413 730 3497 Principi
756 3419 864 3478 tamen
884 3413 1061 3478 christiano
1087 3413 1120 3477 in
1146 3412 1273 3476 animae
1288 3410 1449 3495 priculoet

330 3519 508 3588 Christiani
526 3523 652 3607 imperij
671 3522 875 3605 detrimento,
891 3523 940 3587 illi
956 3523 1148 3606 praesertim
1165 3522 1221 3605 qui
1236 3525 1287 3586 tot
1303 3520 1345 3585 ab
1361 3521 1449 3602 impe·

329 3631 378 3695 rio
403 3632 521 3697 amoris
537 3633 677 3715 insignia
692 3631 818 3715 accepit
842 3632 963 3697 uicaria
978 3633 1121 3697 uicissim
1136 3630 1234 3695 toties
1249 3629 1345 3694 fidem
1362 3627 1450 3702 dedit,

331 3739 399 3804 eius
430 3762 521 3804 arma
552 3746 666 3805 contra
696 3762 812 3804 nomen
844 3737 966 3806 Christi
997 3742 1031 3805 iu
1056 3741 1213 3805 auxilium
1232 3759 1359 3816 uocare,
1375 3737 1449 3800 sicut

330 3845 500 3911 honestum
526 3852 559 3912 et
584 3849 736 3928 salutare,
761 3849 808 3912 ita
833 3853 938 3913 totum
954 3853 1091 3913 nonest
1107 3846 1223 3911 Habet
1237 3852 1271 3911 et
1287 3848 1359 3929 ipsa
1373 3863 1449 3909 nuuc

332 3954 419 4040 quod
435 3961 521 4036 agat.
537 3955 610 4020 Rex
626 3953 860 4038 Hispaniarum
877 3957 1001 4020 iuvenis
1017 3977 1081 4022 non
1097 3952 1363 4021 contemnendam
1381 3953 1451 4018 clos·

332 4085 399 4128 sem
408 4063 442 4126 in
451 4063 543 4147 marj,
553 4068 586 4127 et
602 4063 635 4126 in
652 4063 830 4128 continenti
846 4063 956 4149 copias
972 4070 1087 4128 contra
1102 4062 1196 4126 illum
1211 4062 1320 4127 morit.
1337 4061 1452 4126 Domus

331 4171 510 4238 Austriaca
529 4177 595 4236 tres
612 4173 852 4256 potentissimos
878 4173 1056 4238 exereitus:
1076 4172 1216 4237 alterum
1235 4171 1324 4256 apud
1339 4167 1450 4234 Albam

331 4281 500 4364 Regalem,
517 4301 600 4363 quae
617 4279 723 4345 divino
740 4281 860 4346 auxilio
876 4283 941 4346 iam
960 4288 1148 4366 expugnata
1163 4287 1229 4362 est3
1245 4281 1385 4345 alterum
1402 4273 1452 4342 sub

332 4387 460 4472 (lanies,
485 4389 576 4454 ouius
600 4389 840 4473 recuperandae
866 4412 956 4474 spem
971 4391 1145 4456 maximam
1161 4390 1383 4472 concepimus:
1399 4393 1453 4451 ter·

331 4499 414 4563 tium
438 4497 472 4561 in
498 4495 725 4564 Transilrania
749 4497 856 4564 habet.
882 4497 938 4564 Ita
962 4521 1047 4564 nuno
1078 4497 1202 4564 Christi
1219 4497 1340 4563 domini
1355 4491 1450 4561 nostri

332 4604 598 4674 vindicandarrun
609 4605 801 4672 iniuriarum
817 4629 857 4672 ex
874 4606 989 4674 Turris
999 4607 1162 4692 principes
1179 4602 1357 4671 Christiani
1374 4605 1451 4670 uiam
