3032 5418
484 581 567 638 1606
584 588 680 638 ulscz.
698 582 726 638 9.
1104 581 1169 642 403

146 749 311 817 Tertio.
334 750 382 820 Vt
407 753 539 817 nuncios
555 773 681 838 semper
696 753 739 819 ad
770 753 884 838 dietas,
901 754 1031 839 quando
1048 779 1104 824 eae
1121 779 1171 824 ce·

50 856 261 942 lebrabuntnr,
275 859 395 926 mittat.

144 981 324 1068 Quarto.
346 985 396 1054 Vt
419 985 492 1069 ipso
509 1007 549 1050 ex
564 985 713 1052 humanis
728 985 911 1072 decedente,
936 987 1172 1074 lbansylvania

3 1097 4 1100 ’
51 1114 112 1159 oum
135 1093 286 1178 partibus
310 1092 354 1158 ad
377 1093 586 1178 Hungariam
602 1097 824 1178 spectantibus
840 1103 873 1163 et
889 1099 951 1182 ipsi
967 1099 1171 1182 assignandis

50 1223 166 1268 mrsum
191 1223 265 1267 cum
290 1203 439 1270 omnibus
464 1203 675 1288 proventibus
692 1211 725 1269 et
740 1205 979 1289 pertinentibus
996 1207 1122 1290 integre
1138 1212 1170 1272 et

50 1311 108 1375 sina
118 1311 204 1376 omni
220 1311 488 1395 tergiversatione
505 1315 539 1376 et
553 1311 786 1395 impedimento
803 1313 845 1379 ad
861 1335 995 1398 regnum
1013 1320 1047 1379 et
1062 1337 1172 1398 regem

51 1417 238 1484 devolvatur.
263 1417 311 1484 Es
325 1418 466 1484 liberum
480 1417 523 1483 sit
539 1419 610 1501 regi
625 1441 686 1502 pro
703 1441 761 1486 suo
777 1421 915 1488 arbitrio
933 1420 973 1487 de
988 1421 1105 1506 ijsdem
1120 1421 1167 1487 di-

51 1547 184 1610 sponere.

146 1651 322 1737 Quinto.
345 1651 436 1718 Utin
452 1651 539 1717 bunc
553 1651 650 1719 finem
667 1659 701 1720 et
717 1675 827 1720 casum
842 1655 1006 1742 mennas,
1022 1657 1172 1722 similiter

49 1763 110 1827 eins
125 1759 352 1844 consanguinei
367 1765 401 1823 et
423 1756 545 1842 affines,
570 1761 692 1844 scripto
711 1761 855 1846 sigillato
876 1769 909 1828 et
924 1763 1106 1848 subscripto
1122 1783 1171 1827 re·

48 1872 199 1954 nuncient,
224 1889 259 1934 se
285 1866 368 1932 nihil
379 1868 464 1951 juris
482 1867 724 1952 inperpetuum
741 1871 867 1936 ratione
883 1871 978 1937 huius
994 1873 1171 1938 concessio·

51 1983 97 2046 nis
118 1983 166 2046 rel
190 1979 233 2046 ad
258 1977 485 2062 principatum,
512 1977 563 2040 vel
579 1975 621 2041 ad
638 1973 911 2060 Transyluaniam
930 1981 980 2044 vel
997 1979 1039 2046 ad
1055 2001 1169 2063 supra·
1268 2027 1271 2035 .

51 2090 144 2155 dictas
153 2087 347 2171 Hungariae
357 2090 468 2169 partes
478 2081 526 2148 illi
538 2081 768 2167 concedendas,
779 2083 839 2150 sub
858 2087 970 2170 quovis
986 2093 1171 2172 praetextu,

53 2198 115 2263 ullo
129 2219 271 2282 unquam
288 2201 434 2278 tempore
453 2189 668 2276 praetendere
684 2192 773 2257 velle.

148 2340 231 2408 Sex
242 2345 256 2405 t
266 2361 297 2406 o.
314 2335 409 2422 Quod
419 2357 484 2400 una
495 2335 593 2400 etiam
604 2339 709 2400 status
725 2342 759 2401 et
774 2336 903 2402 ordines
920 2337 1173 2422 Transylraniae

53 2455 82 2515 et
109 2450 247 2533 partium
274 2446 367 2530 regni
392 2443 583 2527 Hungariae
608 2443 783 2530 Boczlrayo
814 2446 1054 2529 tradendarum,
1093 2449 1172 2512 item

53 2559 140 2622 etiam
162 2557 287 2622 arcium
313 2559 346 2618 et
361 2551 597 2618 fortaliciorum
623 2550 742 2616 ibidem
764 2553 925 2637 capitanei
943 2561 975 2618 et
991 2556 1173 2640 castellani,

53 2685 114 2729 sese
137 2667 169 2730 in
194 2664 284 2730 dieta
315 2661 446 2746 publica
476 2661 627 2745 primitus
650 2661 684 2726 in
710 2661 945 2747 Transylvania
970 2664 1173 2748 celebranda,

53 2777 119 2836 ante
142 2793 252 2838 omnes
278 2770 359 2836 alios
375 2773 544 2851 tractatus,
560 2769 593 2832 in
609 2771 796 2852 praesentia
812 2791 889 2836 suae
904 2771 1085 2838 maiestatis
1102 2793 1172 2838 cae·

54 2900 151 2945 saraae
166 2880 341 2963 regiaeque
359 2877 650 2942 commissariorum
667 2877 822 2964 obligent,
849 2884 882 2943 et
909 2879 1097 2963 juramento
1114 2880 1169 2946 ob·

55 2991 212 3074 stringant,
232 2987 320 3072 quod
336 2985 510 3050 decedente
536 2993 569 3050 et
594 2986 627 3050 in
653 2987 773 3050 semine
799 2987 978 3052 masculino
1003 2987 1172 3054 deficiente

55 3093 226 3182 Roczlrsio,
246 3095 366 3161 nemini
384 3093 440 3178 alij
463 3114 558 3177 quam
570 3093 716 3177 legitimo
732 3093 925 3178 Hungariae
940 3095 1009 3178 regi
1026 3101 1059 3160 et
1075 3116 1174 3179 regno

56 3207 182 3290 etquis
197 3225 274 3288 rege
290 3203 368 3288 ipsis
383 3199 600 3288 praeficietur,
617 3199 807 3268 fidelitatem
825 3208 858 3267 et
873 3201 1092 3270 obedientiam
1108 3205 1174 3270 sint

55 3314 239 3396 praestituri.

149 3437 357 3524 Septimo.
382 3433 478 3521 Quod
513 3436 665 3522 Boczka'y'
701 3437 882 3521 promittat,
916 3436 1047 3522 publico
1073 3440 1173 3506 etiam

3 3555 4 3560 ’
56 3543 338 3632 'l'ransylvsnorum
365 3545 496 3612 decreto
517 3544 695 3626 confirmet,
710 3545 796 3628 quod
811 3545 838 3610 si
854 3545 1088 3628 malefactores,
1105 3545 1173 3611 offi-

3 3713 4 3720 ,
57 3655 141 3722 ciales
151 3663 183 3722 st
199 3656 340 3722 factores
357 3675 467 3720 sacrae
484 3675 654 3720 caesareae
670 3653 844 3736 regiaeque
859 3653 1038 3718 maiestatis
1054 3651 1105 3718 vel
1115 3653 1173 3720 ali-

57 3784 178 3845 quorum
203 3764 443 3848 regnicolarum
467 3763 587 3828 damna
611 3762 661 3827 vel
688 3759 849 3826 maleficia
880 3767 1114 3846 perpetrantes,
1140 3761 1173 3828 in

3 3893 4 3898 ¹
58 3865 313 3958 Transylvaniam
325 3869 576 3953 transfugerint:
599 3868 732 3934 Extnnc
749 3869 832 3934 tales
849 3876 917 3936 tam
934 3869 977 3933 ad
992 3869 1173 3953 requisitio-

3 4061 4 4068 *
57 3997 118 4044 nem
141 4001 252 4047 sacras
278 3981 457 4044 maiestatis
483 3998 654 4044 caesareae
670 3977 854 4060 regiaeque,
872 3998 969 4060 quam
986 3979 1174 4062 quorumuis

54 4091 281 4170 regnicolarum
291 4087 448 4172 querelas,
458 4086 579 4152 ibidem
590 4085 658 4170 juri
675 4086 840 4167 sistantur,
857 4091 890 4150 et
906 4091 975 4150 tam
991 4085 1031 4150 de
1047 4086 1174 4170 iniurijs

57 4215 144 4276 quam
168 4197 295 4264 damnis
319 4197 411 4261 iuxta
436 4193 568 4260 decreta
593 4195 684 4278 regni
703 4191 897 4276 Hungariae
914 4194 1099 4278 puniantur.
1116 4195 1175 4260 Iti-

3 4317 5 4320 ·
56 4301 119 4369 dem
135 4307 232 4374 etiam
247 4327 271 4371 a
289 4325 441 4370 caesarea
459 4305 615 4388 regiaque
630 4303 783 4368 maiestas
799 4301 904 4366 faciet

150 4431 282 4498 Nono.
307 4428 403 4514 Quod
428 4432 462 4496 in
488 4431 616 4498 cusiene
641 4434 855 4511 monetarum,
871 4429 905 4496 in
922 4427 1175 4511 recognitionem

3 4519 4 4528 ἵ
56 4541 291 4625 superioritatis,
308 4541 393 4606 sicut
415 4539 457 4605 ab
474 4540 549 4624 alijs
565 4539 765 4624 principibus
780 4536 851 4602 fieri
869 4538 1039 4620 consuevit,
1057 4559 1096 4602 ex
1112 4559 1177 4603 nna

3 4725 7 4748 .
55 4656 137 4727 porse
160 4673 182 4715 a
205 4649 389 4716 maiestatis
405 4667 575 4714 caesareae
592 4647 766 4728 regiaeque
783 4666 900 4709 nonren
917 4652 949 4708 et
966 4645 1106 4726 insignia
1122 4667 1175 4710 ex-

56 4757 235 4835 primantur.

1018 4879 1068 4928 aa*
