3218 5424
549 469 640 526 1607.
658 487 721 526 auu.
739 471 767 524 6.
1039 551 1045 564 ι
1158 469 1220 530 537

197 643 263 712 Sed
289 651 322 711 et
346 645 434 712 ultro
459 645 524 711 iam
549 649 648 708 antea
673 642 778 709 tribus
803 641 871 710 fere
896 644 937 710 ab
962 643 1038 710 hine
1056 645 1223 713 mensibus

86 753 299 838 praecipuum
324 759 472 820 nostrum
498 751 651 818 nuncium
667 749 875 834 magnifieum
900 751 1065 818 dominum
1081 753 1224 820 Pancra-

86 863 170 928 tium
196 860 339 948 Sennis?
365 859 492 928 solenni
517 859 681 944 legatione
707 859 750 926 ad
765 858 871 926 Mtem
886 859 991 928 Vram
1007 882 1088 927 oaes.
1104 861 1224 928 dimisi·

87 993 168 1054 mus,
183 992 243 1055 per
258 992 355 1055 quem
371 971 480 1036 omnia
495 975 608 1036 nostra
623 969 755 1052 negotia
770 967 836 1035 Mn·
851 969 941 1038 Vrae
957 989 1038 1035 caes.
1054 969 1223 1036 humilima

87 1078 271 1162 detegenda
282 1080 474 1162 curarimus,
483 1079 517 1143 iu
528 1078 597 1144 dies
613 1083 646 1144 et
662 1077 760 1144 horas
777 1079 1059 1144 clementissimam
1076 1101 1173 1165 super
1182 1080 1224 1165 ijs

87 1186 236 1252 omnibus
260 1187 491 1254 resolutionem
516 1186 731 1272 cupidissimis
756 1187 872 1252 animis
889 1192 1105 1272 expectantes,
1124 1195 1223 1273 atque

87 1293 154 1360 Mti
170 1295 262 1364 Vrae
279 1315 361 1360 caes.
379 1317 656 1380 quampossnmus
672 1293 810 1360 demisse
826 1295 1056 1380 supplicantes,
1072 1317 1223 1380 praesen-

88 1404 128 1468 tis
152 1403 290 1470 huiusce
316 1405 409 1486 regni
435 1409 542 1470 status
576 1403 825 1488 diligentissima
849 1407 1050 1487 paternaque
1075 1403 1224 1470 adhibita

88 1511 353 1596 consideratione,
378 1512 532 1596 dignetur
557 1511 730 1596 benignam
755 1531 845 1577 suam
871 1533 969 1596 super
994 1513 1136 1598 negotijs
1166 1535 1222 1580 no·

87 1619 164 1683 stris
182 1620 413 1686 resolutionem
429 1625 604 1701 maturare,
620 1625 720 1703 atque
736 1619 888 1684 nuncium
906 1623 1052 1686 nostrum
1068 1625 1222 1705 exoptato

89 1747 161 1790 eum
187 1748 342 1811 responso
359 1727 401 1794 ad
422 1749 482 1795 nos
498 1749 596 1812 quam
612 1729 752 1812 primum
768 1728 943 1793 remittere.
959 1726 1030 1794 Nos
1047 1727 1222 1812 obsequen·

87 1834 213 1902 tissima
238 1843 352 1902 nostra
377 1836 487 1902 studia
503 1859 581 1922 erga
596 1837 702 1903 Mtem
717 1836 821 1904 Vram
852 1859 935 1902 caes.
952 1843 1121 1922 totamque
1138 1837 1223 1903 chri-

88 1942 287 2008 stianitatem
313 1953 471 2030 perpetuo
496 1947 645 2030 retinere,
661 1966 798 2030 eamque
817 1943 927 2010 debito
944 1944 1099 2030 obsequio
1116 1945 1222 2012 colere

88 2073 150 2116 non
176 2052 436 2120 intermittemus
463 2052 579 2120 Servat
603 2054 694 2120 Deus
719 2052 928 2120 Maiestatem
954 2052 1110 2122 Vestram
1136 2075 1218 2118 caes.

88 2161 266 2228 diutissime
282 2164 403 2230 salvam
424 2171 457 2230 et
488 2165 682 2231 ineolumem
713 2162 1003 2248 florentissimequa
1019 2167 1220 2246 regnantem.

87 2270 211 2336 Datum
235 2269 345 2339 Albae
369 2272 482 2340 duliae
511 2274 563 2340 die
589 2279 682 2341 sexta
706 2273 824 2338 mensis
859 2269 1012 2356 Augusti.
1037 2269 1137 2338 Anno
1164 2271 1220 2337 do·

89 2380 164 2445 mini
187 2384 282 2446 1607.

192 2487 349 2556 Eiusdem
359 2491 597 2558 sacratissimae
608 2513 688 2557 eaes.
700 2491 874 2576 regiaeque
890 2489 1076 2556 Maiestatis
1091 2495 1219 2555 vestrae

514 2617 653 2683 humiles
673 2625 706 2684 et
732 2617 1016 2704 obsequentissimi
1047 2619 1220 2682 servitores

520 2727 711 2794 universitas
737 2729 836 2794 trium
870 2729 1039 2794 nationum
1066 2727 1220 2813 Transyl·

782 2858 946 2904 vanarum.

194 2991 335 3044 Kitlczr'm:
351 2991 566 3048 sacratissimae
576 2993 767 3048 Romanorum
778 2990 975 3063 imperatoriae
990 3008 1023 3045 ae
1039 2989 1219 3056 Germaniae,

90 3077 258 3150 Hungariae,
276 3079 484 3154 Boheudueque
494 3089 548 3140 etc.
565 3083 660 3154 regiae
676 3081 822 3138 blaiastati
838 3089 891 3138 ete.
908 3081 1029 3136 Domino
1046 3079 1158 3135 domiuo
1169 3099 1216 3136 no·

90 3169 129 3223 bis
143 3170 370 3229 elementissimo.

166 3311 322 3389 (EredatiJe
338 3335 355 3373 a
371 3313 446 3373 bdesi
464 3335 501 3376 cs.
518 3315 548 3374 es
564 3319 615 3374 kir.
634 3317 682 3376 ull.
699 3317 822 3375 ltdrban.
839 3317 935 3391 llung.
952 3311 1133 3386 comitialia.)

632 3537 666 3630 u

191 3665 403 3734 Serenissime
426 3669 586 3756 princeps,
612 3668 741 3736 domine
767 3669 893 3737 domine
918 3671 1010 3738 nobis
1036 3671 1216 3738 elementis·

2 3857 3 3862 ἵ
91 3773 171 3856 sime,
186 3775 357 3841 humilium
374 3775 601 3862 obsequiorum
617 3783 800 3846 nostrorum
817 3785 876 3846 etc.
892 3781 1216 3848 commendationem.

189 3899 267 3968 Non
283 3902 480 3988 dubitamus,
496 3906 697 3972 serenissime
713 3907 874 3992 princeps,
890 3909 968 3993 quin
984 3908 1105 3976 Vestra
1122 3909 1217 3976 Sere-

2 4073 3 4080 *
90 4008 168 4075 uitas
184 4019 342 4096 tanquam
359 4011 554 4080 christianus
563 4015 715 4100 princeps
732 4037 805 4080 cum
821 4038 860 4081 ex
876 4017 991 4083 innata
1007 4039 1066 4084 sua
1081 4017 1216 4102 pietate,

3 4151 5 4170 ·
91 4137 125 4180 ae
148 4139 224 4203 erga
240 4141 299 4186 nos
323 4126 461 4206 paterna
483 4119 662 4206 affectione,
694 4131 764 4189 tum
782 4124 1007 4210 frequentibus
1031 4126 1136 4193 literis
1160 4150 1215 4193 no·

3 4275 4 4280 ,
90 4226 159 4291 stris
174 4227 351 4292 sollicitata
367 4227 459 4294 nobis
476 4237 525 4295 tot
542 4231 716 4314 exagitatis
734 4233 829 4298 malis
846 4234 1072 4318 compatiatur,
1091 4237 1215 4319 cupiat-

92 4353 147 4413 que
161 4355 219 4399 nos
234 4335 367 4400 tandem
383 4335 426 4402 ad
436 4337 577 4422 aliquem
594 4339 778 4406 seeuritatis
794 4346 924 4426 portum
941 4362 1123 4426 emergere3
1140 4363 1214 4408 eon·

91 4445 151 4506 stat
174 4443 355 4529 peroptime
371 4441 458 4510 Stati
474 4446 563 4514 Vrae
579 4469 637 4514 nos
654 4449 718 4514 iam
735 4456 833 4515 antea
848 4450 935 4516 ultro
952 4448 1057 4516 tribus
1074 4449 1141 4516 fere
1158 4451 1214 4517 ab·

92 4545 160 4614 bino
182 4551 346 4618 mensibus
361 4555 570 4640 praecipuum
587 4564 734 4624 nostrum
750 4559 989 4625 internuncium
1006 4559 1214 4644 magnificum

93 4654 247 4728 dominum
264 4659 476 4731 Pancratium
491 4664 622 4734 Senniei
639 4667 764 4734 solenni
780 4667 944 4756 legatione
961 4669 1003 4737 ad
1020 4667 1213 4740 Maiestates
