3062 5414
534 459 614 516 lliOl
636 465 745 514 namin.
1159 455 1200 513 79

87 635 157 700 unde
170 634 215 716 fit,
231 639 269 700 ut
284 634 448 718 principes
465 633 681 698 benemeritos
697 651 914 712 remunerare,
931 637 963 695 et
978 629 1203 696 munificentia

85 766 140 824 sua,
154 743 251 808 veluti
272 748 365 806 arcto
390 741 531 825 quodam
556 762 641 805 nexu
666 740 768 823 magis
784 738 827 804 ad
852 738 1020 804 fidelitatis
1043 739 1201 824 obsequia

1 888 2 893 κ
85 852 234 916 attrahere
260 851 496 932 consueuerint,
522 849 570 914 uti
590 850 689 914 etiam
714 853 935 914 antecessores
960 848 1125 932 principes
1149 847 1200 930 ijs,

84 961 129 1041 qni
144 961 276 1024 militari
293 964 351 1024 aut
375 959 442 1022 alia
468 957 620 1042 quapiam
637 955 734 1020 laude
759 955 1030 1040 praecelluerunt,
1047 954 1154 1036 dignis
1170 959 1204 1018 et

1 1087 2 1122 1
84 1069 276 1132 benemeritis
300 1067 446 1152 personis
462 1065 549 1132 bona
572 1088 633 1150 pro
649 1067 803 1150 praemijs
820 1065 1036 1146 contulerunt,
1053 1065 1101 1130 ita
1116 1087 1202 1129 nunc

1 1245 2 1258 ,
83 1198 197 1261 quoque
214 1175 352 1240 raiuoda
368 1175 418 1240 rel
443 1176 595 1260 princeps
620 1197 680 1259 pro
696 1181 842 1259 tempore
859 1174 1103 1240 constituendus
1119 1173 1202 1238 bene

1 1315 2 1366 j
83 1285 194 1350 meritis
210 1285 297 1348 bona
312 1283 459 1348 conferre
485 1289 518 1348 et
534 1283 666 1365 donare,
682 1283 786 1368 deque
805 1283 1019 1369 prouentibus
1034 1283 1126 1366 regni
1143 1303 1203 1366 pro

1 1435 2 1438 κ
82 1394 263 1457 necessitate
288 1397 321 1456 et
346 1391 483 1456 arbitrio
507 1391 610 1456 libere
637 1391 808 1476 disponere
833 1391 950 1475 valeat,
967 1413 1048 1475 quas
1073 1389 1204 1476 quidem

1 1534 2 1539 κ
81 1498 270 1582 donationes,
294 1501 529 1584 inscriptiones,
555 1500 746 1564 collationes
772 1505 806 1564 et
830 1499 1098 1584 dispositionesa
1123 1521 1202 1564 sacr.

1 1679 2 1686 χ
83 1611 169 1674 etiam
184 1609 258 1673 Mte
274 1607 345 1674 Vra
360 1607 517 1674 ratificari
534 1614 568 1673 et
584 1609 769 1674 conseruari
788 1609 942 1692 cupimus.

179 1715 361 1800 Certalege
377 1721 537 1782 statutum
552 1717 634 1781 illud
651 1717 748 1782 etiam
759 1723 816 1800 est,
836 1715 1057 1782 crescentibus
1075 1716 1204 1782 delictis

1 1813 2 1818 ἵ
80 1846 193 1908 poenas
219 1845 347 1910 quoque
373 1825 568 1909 exasperari,
594 1825 679 1890 sicut
704 1825 803 1889 etiarn
828 1825 1030 1909 temporibus
1054 1824 1204 1890 diuomm

1 1998 2 2016 ,
80 1953 185 2015 regum
212 1933 408 1998 constitutae
440 1952 564 2017 poenae
590 1953 739 1998 successu
765 1933 920 2017 temporis
936 1933 1040 1998 auctis
1067 1932 1205 2016 delictis,

1 2115 2 2118 Ἴ
80 2047 187 2105 auctae
206 2042 303 2106 etiam
320 2061 444 2124 poenae
455 2039 775 2124 lueruntpostquam
786 2042 985 2125 privatorum
1002 2041 1204 2125 quommdam

1 2155 2 2158 ’
80 2149 210 2213 ambitio
227 2155 260 2213 et
276 2149 438 2234 cupiditas
463 2148 651 2214 dominandi
676 2149 710 2214 in
726 2155 852 2216 tantum
879 2149 1085 2233 decreuisset,
1101 2157 1139 2216 ut
1155 2151 1207 2216 vel

79 2259 259 2341 principum
285 2259 382 2322 etiam
409 2257 497 2322 salus
521 2262 620 2340 atque
646 2257 803 2322 securitas
830 2278 899 2322 esse
924 2257 1016 2322 nulla
1031 2265 1149 2341 posset,
1168 2259 1202 2323 in

80 2365 138 2430 hae
162 2387 241 2430 vero
256 2365 458 2448 potissimum
475 2365 647 2449 prouincia
664 2365 809 2448 generali
819 2365 1058 2448 regnicolarum
1074 2364 1206 2430 decreto

79 2479 289 2542 constitutum
306 2481 397 2558 esset,
414 2477 559 2542 notarios
573 2482 606 2542 et
621 2475 805 2560 perduelles
821 2498 886 2542 non
902 2477 997 2542 modo
1013 2478 1047 2542 in
1063 2478 1206 2542 omnium

80 2582 1207 2669 bonorumtampropriorumquamuxommetliberorumsuammet·

79 2712 138 2774 que
153 2691 368 2756 successionis
377 2699 536 2778 perpetua
546 2693 719 2758 amissione
736 2691 943 2758 condemnari
954 2693 1080 2776 debere,
1097 2715 1208 2758 rerum

79 2801 174 2864 etiam
185 2801 325 2865 actionis
336 2805 369 2864 et
385 2801 590 2884 aquisitionis
600 2801 671 2866 iure
687 2800 788 2882 ligato
804 2799 992 2866 facultatem
1004 2823 1131 2868 onmem
1149 2803 1208 2866 eri-

79 2908 232 2990 piendum
243 2929 320 2973 esse.
337 2907 412 2972 Hac
428 2929 556 2993 quoque
572 2911 606 2974 in
617 2915 711 2994 parte
727 2915 765 2973 ut
780 2930 803 2974 s
815 2907 861 2974 M.
871 2907 912 2978 V.
922 2911 956 2975 in
968 2909 1080 2974 codem
1096 2911 1206 2992 vigore

77 3023 229 3102 statuque
247 3017 494 3082 constitutiones
511 3039 565 3082 eas
582 3037 773 3082 conservare
789 3015 949 3102 dignetur,
966 3016 1145 3082 humillime
1161 3019 1209 3082 in·

78 3131 218 3208 stamus3
245 3124 364 3189 etenim
381 3125 407 3190 si
434 3123 512 3208 quid
528 3123 643 3191 horum
663 3125 849 3208 violaretur,
868 3132 1096 3210 praeterquam
1122 3125 1210 3209 quod

76 3231 255 3298 latissimus
287 3231 329 3296 ad
360 3233 469 3298 omnia
501 3231 628 3316 flagitia
660 3241 693 3300 et
707 3235 852 3319 periuria
876 3235 1042 3319 aperietur
1068 3257 1209 3319 campus,

75 3338 161 3404 inter
186 3341 363 3405 militarem
388 3341 662 3428 nobilitaremque
689 3343 834 3410 ordinem
867 3343 980 3410 turbas
1005 3345 1152 3428 ingentes
1178 3351 1212 3410 et

76 3445 259 3514 discordias
277 3449 443 3514 exoritura
460 3471 528 3515 esse
547 3457 670 3516 certum
690 3457 747 3535 est,
764 3453 923 3536 siquidem
949 3453 1105 3520 eiusmodi
1122 3452 1208 3519 bona

74 3575 95 3620 a
109 3555 314 3641 principibus
330 3555 479 3624 fidelibus
495 3563 529 3623 et
544 3559 752 3626 benemeritis
768 3561 912 3644 personis
929 3561 1050 3626 collata
1066 3567 1149 3626 sunt

186 3661 467 3747 Quemadmodum
482 3664 640 3734 hactenus
656 3669 819 3753 principes
834 3670 1009 3734 iuramenti
1025 3669 1152 3734 vinculo
1169 3667 1211 3734 ad

74 3771 299 3838 obseruandas
315 3771 600 3857 praedecessorum
618 3797 748 3842 suorum
765 3775 966 3858 donationes,
983 3777 1212 3860 inscriptiones

75 3899 254 3945 consensus
285 3901 325 3945 ac
349 3881 431 3947 alias
456 3881 620 3966 quaslibet
645 3883 758 3950 literas
792 3885 1050 3968 collationesque
1075 3883 1211 3966 obligati

73 3987 220 4070 suerunt,
245 3989 293 4053 ita
318 3989 464 4072 cupimus
490 4013 528 4056 ea
553 3991 663 4058 omnia
686 4013 745 4077 per
769 4014 849 4058 sacr.
876 4013 958 4058 caes.
983 3991 1089 4058 Mtem
1105 3991 1209 4062 Vram

72 4095 170 4160 sicuti
189 4101 288 4160 antea
304 4117 432 4180 quoque
456 4099 677 4182 peculiaribus
702 4100 849 4165 articulis
866 4106 899 4165 et
924 4099 1213 4166 constitutionibus

72 4224 111 4266 ea
137 4201 402 4287 confirmauerat,
434 4203 538 4272 denuo
571 4205 755 4274 confirmari
788 4214 821 4273 et
851 4206 1008 4272 ratificari
1040 4229 1111 4274 cum
1135 4209 1212 4290 illis,

71 4331 291 4396 quaecunque
317 4333 375 4396 per
399 4311 574 4380 Isabellam
602 4315 747 4399 reginam
765 4312 932 4400 filiumque
957 4312 1145 4380 Johanncm
1164 4335 1212 4378 se-

73 4417 230 4502 cundum,
245 4417 448 4506 Stephanum
464 4443 573 4505 regem
590 4429 657 4488 tam
673 4422 864 4489 vaiuodatus
884 4445 982 4508 quam
997 4421 1147 4488 Polonici
1163 4445 1211 4488 re·

69 4530 208 4612 giminis
233 4531 283 4597 sui
309 4535 462 4617 tempore,
487 4533 566 4598 item
594 4529 860 4618 Oristopborum,
887 4531 1147 4619 Sigismundum,
1175 4537 1208 4599 et
