3042 5404
317 444 380 504 168
684 453 803 500 canaan
818 453 1071 503 osszloorttatsax.

417 617 641 702 Claudiopolis
661 621 766 681 restat
776 616 872 682 unica
881 616 974 683 sedes
990 618 1213 702 episcoporum
1232 621 1431 700 arrianorum,

311 749 396 811 quae
412 725 454 793 ob
470 727 670 793 vicinitatem
686 731 853 808 utcunque
876 725 910 790 in
925 723 989 790 fide
1005 746 1083 790 suae
1098 727 1277 792 maiestatis
1293 749 1327 792 sc
1343 726 1432 792 couti-

308 842 374 918 net,
390 834 432 900 ab
448 835 507 900 illa
530 834 661 901 omnino
685 833 766 900 haec
790 831 948 918 pestifera
971 839 1062 900 secta
1085 834 1238 919 pellenda
1262 842 1320 900 est.
1345 830 1432 916 Quod

309 943 464 1010 facillime
479 941 551 1008 fieri
566 941 698 1028 poterit.

416 1049 563 1116 Michael
578 1048 723 1133 vaivoda,
739 1050 767 1115 si
782 1071 847 1116 non
863 1049 920 1114 ille
936 1054 970 1114 et
980 1049 1031 1114 sui
1047 1050 1204 1117 boerones
1219 1049 1356 1115 fuissent
1371 1069 1430 1112 mu·

309 1158 443 1224 neribus
468 1159 623 1243 corrupti,
648 1156 797 1224 omuibus
832 1157 1093 1224 Transsilvaniao
1127 1155 1329 1243 principibus
1359 1155 1434 1220 hanc

311 1267 435 1350 gloriae
451 1267 594 1352 palmam
608 1266 851 1352 praeripuisset.

418 1372 503 1442 Val
513 1373 614 1440 achi
638 1373 761 1458 disperi
785 1379 861 1439 sunt
875 1393 935 1458 per
950 1379 1054 1438 totam
1069 1373 1279 1458 prouinciam,
1295 1376 1433 1436 montosa

312 1483 505 1566 praesertim
520 1481 707 1548 inhabitant
723 1481 804 1565 loca,
815 1480 953 1547 subsunt
969 1481 1091 1566 partim
1106 1481 1307 1567 principibus
1323 1479 1432 1564 partim

310 1587 474 1655 nobilibus
501 1589 569 1654 eius
593 1589 788 1674 provinciae.
813 1587 967 1656 Decimae
992 1589 1122 1674 frugum
1142 1611 1206 1654 uon
1223 1588 1363 1669 soluunt,
1379 1586 1432 1650 nisi

310 1717 463 1782 pecorum
479 1697 584 1763 omnis
608 1697 744 1782 generis.
769 1695 940 1782 Religione
966 1697 1163 1763 schismatici
1189 1701 1276 1762 sunt.
1292 1694 1354 1760 Isti
1368 1715 1432 1777 pro-

310 1810 384 1890 pter
398 1805 543 1890 linguam
563 1805 768 1891 peregrinam
793 1802 972 1870 difficulter
997 1806 1141 1871 converti
1166 1805 1200 1870 in
1217 1802 1314 1870 fidem
1330 1799 1430 1866 catho·
1446 1881 1453 1896 „

309 1916 406 1982 licam
421 1921 567 2000 possunt.
583 1913 691 1981 Utiles
706 1920 790 1997 sunt,
806 1935 880 1979 nam
896 1914 937 1979 ad
954 1913 1062 1980 omnia
1081 1913 1213 1979 seruitia
1228 1917 1394 1996 coguntur.
1440 1903 1443 1908 ’

402 2075 662 2162 Sequuntur
684 2075 796 2142 bona
829 2083 871 2142 et
893 2075 1103 2142 redditus
1127 2074 1353 2160 principis

758 2182 996 2250 ordinarii

417 2327 556 2394 Praeter
580 2327 777 2394 decimarum
803 2328 966 2412 erendum,
992 2348 1073 2412 quas
1089 2325 1236 2393 Saxones
1261 2331 1294 2393 et
1317 2324 1433 2392 nobiles
1512 2391 1514 2398 ,

310 2438 469 2504 arandara
485 2436 599 2516 solent,
615 2435 693 2500 item
709 2436 881 2502 annualem
891 2436 1138 2520 provincialium
1158 2433 1433 2512 contributionem,

310 2546 412 2612 habet
426 2544 577 2630 princeps
594 2543 720 2627 aliquot
736 2565 828 2610 arces
844 2565 901 2610 seu
916 2550 1042 2609 castra:

421 2655 449 2717 1.
465 2649 678 2718 Varadinum.

421 2764 449 2824 2.
465 2757 597 2826 Somlio.

420 2872 449 2933 3.
465 2866 563 2933 Hust.

419 2977 449 3041 4.
464 2974 615 3041 Keowaa

422 3087 449 3148 5.
467 3081 582 3149 Samos
598 3082 712 3150 Viuar.

421 3197 449 3255 6.
466 3189 580 3255 Mares
595 3189 708 3257 Viuar.

421 3302 449 3363 7.
464 3294 589 3363 Albam
605 3296 630 3364 J
631 3299 730 3364 uliam
747 3301 824 3365 olim
841 3300 948 3366 sedem
965 3301 1188 3388 episcopalem.

419 3411 449 3472 8.
464 3405 568 3473 Vinea
584 3405 660 3470 olim
677 3407 814 3490 capituli
830 3403 995 3474 Albensis.

418 3516 447 3578 9.
463 3511 604 3578 Monora
620 3513 719 3578 etiam
736 3515 872 3598 capituli
888 3511 1052 3598 Albensis,
1071 3515 1177 3581 Enied
1193 3515 1350 3581 similiter.

420 3625 470 3687 10.
487 3619 591 3686 Deua

421 3731 471 3793 11.
489 3727 686 3795 Branichlra.

421 3840 471 3901 12.
488 3833 642 3902 Sidowar.

420 3947 470 4009 13.
486 3943 594 4026 Lippa
612 3943 794 4010 confinium.

419 4052 470 4116 14.
486 4047 705 4132 Wilagoswar
730 4052 912 4137 confinium,
938 4051 1075 4138 Solmos,
1092 4053 1187 4121 Geno
1204 4053 1350 4138 confinia,
1375 4053 1430 4118 Fo-

311 4180 416 4242 gares,
431 4156 544 4242 Lugas
561 4165 595 4222 et
611 4157 822 4225 Karansebes
840 4161 1016 4228 districtus.

415 4265 457 4332 In
473 4265 525 4332 his
540 4265 689 4332 omnibus
704 4269 884 4352 provisores
901 4291 957 4336 sau
974 4269 1129 4338 officiales
1145 4272 1285 4358 suerunt,
1302 4275 1356 4359 qui
1366 4293 1430 4358 per·
1513 4301 1514 4306 .

308 4373 494 4460 captoribus
509 4374 644 4458 singulis
654 4376 745 4441 annis
756 4374 879 4442 dabant
898 4379 1220 4448 1·ati0nem.Urbaria
1235 4383 1349 4448 horum
1366 4377 1430 4446 red·

307 4481 434 4548 dituum
450 4482 530 4548 satis
546 4483 651 4549 multa
674 4485 707 4550 in
734 4483 978 4552 Transsilvania
993 4488 1212 4573 inveniuntur,
1243 4489 1428 4574 praesertim

307 4591 341 4655 in
367 4590 457 4656 curia
481 4589 644 4676 principis,
670 4592 696 4656 si
723 4591 785 4656 hoc
809 4592 951 4658 tumultu
977 4615 1041 4661 non
1066 4596 1231 4681 perierint,
1255 4597 1333 4663 item
1349 4591 1428 4682 apud
