3032 5418
307 489 371 552 426
683 503 800 551 nsnbrxr
816 501 1066 551 onsaioordntsux.

306 666 509 751 fidelitatem,
533 689 572 733 ac
596 670 815 734 constantium
841 675 874 733 et
898 657 1043 732 fidelium
1075 669 1278 734 seruitiorum
1307 667 1403 732 eximia

305 779 430 860 merita,
455 777 560 842 fidelis
592 779 697 842 nostri
713 777 831 860 dilecti,
847 775 1009 861 magnifici
1025 776 1231 844 Baithasaris
1246 776 1349 844 (tornis
1362 773 1405 860 (ti-

305 882 408 971 tulus)
433 906 517 969 quae
541 886 610 970 ipse
627 907 737 950 sacrae
752 885 894 970 primum
909 885 1001 968 regni
1017 886 1120 950 nostri
1135 885 1321 970 Hungariae
1335 905 1406 950 eoro-

304 1007 365 1060 nae
391 1001 424 1060 et
448 994 565 1059 deinde
588 993 757 1060 Maiestati
777 999 915 1078 nostrae,
931 1016 951 1059 a
966 995 1132 1060 iuventute
1151 1017 1209 1060 sua
1225 994 1407 1079 adpraesens

304 1125 407 1188 usque
430 1103 464 1167 in
488 1104 587 1168 variis
602 1103 682 1169 locis
698 1109 730 1168 et
746 1101 892 1188 confinijs
908 1123 946 1167 ao
961 1102 1214 1186 particularibus
1231 1109 1263 1168 et
1277 1101 1409 1186 generali·

306 1213 366 1278 bus
376 1211 634 1296 expeditionibus
659 1218 774 1278 contra
790 1211 959 1278 christiani
974 1212 1114 1277 nominis
1129 1210 1351 1276 infensissimos
1364 1209 1408 1274 ho·

307 1326 372 1384 stes
388 1319 522 1402 Turoas,
539 1318 625 1383 hisce
641 1319 735 1384 annis
751 1340 809 1403 per
824 1340 883 1384 nos
893 1319 1050 1402 susceptis
1067 1325 1100 1383 et
1111 1319 1313 1402 continuatis,
1327 1317 1410 1382 direr-

306 1431 414 1512 sisque
440 1429 563 1494 arcium
588 1433 621 1493 et
644 1428 790 1494 locorum
815 1427 1110 1512 expugnationibus
1126 1433 1160 1492 et
1183 1426 1410 1513 recuperationi-

307 1535 375 1618 bus,
400 1536 516 1619 quibus
541 1536 673 1621 proprio
690 1537 793 1600 milite
810 1541 843 1601 et
857 1537 974 1601 vexillo
991 1557 1064 1601 cum
1080 1536 1176 1602 laude
1191 1558 1257 1602 non
1272 1543 1412 1622 postrema

307 1643 455 1710 interfuit
464 1643 625 1728 intrepide
641 1651 674 1710 et
689 1645 886 1728 militariter,
901 1643 1103 1728 fideliterque
1118 1651 1151 1710 et
1167 1645 1293 1711 utiliter
1307 1666 1341 1710 sc
1355 1663 1412 1708 cum

306 1754 418 1836 largae
435 1753 601 1836 sanguinis
612 1753 661 1817 sui
672 1751 825 1819 effusione
842 1753 988 1818 exhibuit
1004 1759 1039 1818 et
1054 1752 1221 1838 impendit.
1243 1753 1285 1819 In
1301 1751 1413 1817 dirersis

306 1881 381 1926 vero
406 1861 555 1944 motibus,
571 1861 628 1944 qui
643 1861 846 1945 postmodum
862 1883 921 1946 per
935 1861 1033 1926 hosce
1048 1861 1229 1945 superiores
1245 1882 1342 1928 annos
1356 1880 1413 1944 pro

306 1971 445 2036 vinciam
470 1969 716 2035 Transilraniae
740 1971 958 2054 exagitarunt,
982 1975 1150 2053 parentem
1166 1991 1260 2035 suum
1276 1971 1414 2034 innostro

307 2079 397 2144 fideli
422 2079 587 2164 obsequie·
597 2078 837 2164 perdurantem,
853 2080 1007 2160 amisisse,
1024 2078 1247 2164 captivitatem
1262 2079 1360 2143 tribus
1380 2075 1414 2140 ri·

308 2189 397 2254 cibus
422 2189 586 2272 patienter
610 2188 789 2272 tollerasse,
814 2193 847 2253 et
872 2188 1043 2274 quinquies
1058 2189 1093 2252 in
1108 2187 1240 2253 exilium
1256 2188 1416 2270 relegatum

308 2297 414 2378 fuisse,
439 2295 604 2380 fidedigna
620 2297 778 2362 relatione
795 2303 883 2362 certo
899 2297 1127 2362 intelleximus.
1144 2293 1272 2380 Quibus
1288 2293 1416 2362 omnibus

307 2427 366 2489 per
382 2406 504 2471 dictum
514 2405 744 2471 Baithasarem
760 2402 876 2470 Oornis
893 2405 1020 2470 utiliter
1036 2413 1069 2471 et
1083 2404 1225 2472 infracto
1242 2405 1345 2470 animo
1359 2423 1417 2486 per·

307 2515 408 2598 pessis
433 2519 466 2578 et
483 2515 669 2598 exantlatis,
688 2519 726 2579 ut
742 2513 784 2579 ad
803 2519 981 2579 extremum
996 2515 1104 2595 etiam,
1120 2514 1279 2578 sinceram
1295 2533 1376 2578 suam
1390 2509 1417 2574 fi·

308 2621 478 2686 delitatem
506 2627 539 2688 et
559 2625 775 2688 constantiam
793 2621 886 2688 nobis
905 2627 1060 2687 testatam
1074 2620 1199 2704 feeerit,
1214 2623 1359 2686 universa
1371 2638 1417 2684 soa

306 2729 392 2795 bona
408 2750 481 2795 cum
496 2731 639 2815 pretiosa
655 2731 856 2815 supellectili,
872 2731 906 2796 in
922 2731 994 2815 ipsa
1010 2729 1238 2795 Transilrania
1254 2727 1418 2806 existentia,

306 2838 371 2903 imo
388 2861 520 2904 uxorem
546 2861 618 2904 cum
642 2840 753 2904 liberis
771 2839 955 2923 relinquere
970 2839 1094 2921 maluit,
1112 2859 1211 2922 quam
1227 2858 1249 2902 a
1263 2837 1348 2902 fideli
1374 2857 1420 2899 no·

307 2950 374 3010 stro
390 2946 545 3030 obsequio
556 2945 693 3012 deficere
708 2953 741 3012 et
757 2949 908 3032 separari.
926 2944 1021 3030 Quod
1038 2945 1168 3030 quidem
1185 2945 1380 3011 constantiae
1395 2949 1422 3006 et

307 3053 476 3120 fidelitatis
501 3076 579 3119 snae
603 3054 697 3120 nobis
721 3057 898 3138 praestitae
926 3056 1129 3140 praeclarum
1155 3053 1371 3120 testimonium
1386 3049 1421 3115 ad

307 3168 436 3246 gratam
461 3165 686 3247 posteritatem
711 3163 922 3229 laudabiliter
956 3162 1252 3246 transmittendam,
1287 3160 1420 3246 praelato

306 3269 496 3336 Baithasari
521 3270 657 3354 Kornis,
673 3272 722 3336 uti
738 3273 860 3356 optime
876 3274 1011 3338 meritus
1028 3277 1086 3354 est,
1103 3271 1280 3336 clementer
1295 3268 1422 3334 dandum

308 3376 458 3443 duximus
485 3383 518 3444 et
543 3377 791 3462 concedendurn,
807 3381 904 3446 immo
924 3381 1039 3444 damus
1055 3385 1088 3445 et
1103 3379 1307 3444 concedimus
1322 3378 1423 3442 harum

307 3491 490 3552 nostrarum
516 3489 625 3572 rigore
641 3495 675 3552 et
704 3489 889 3555 testimonio
905 3489 1083 3554 literarum.
1100 3487 1225 3551 Datum
1241 3488 1275 3551 in
1290 3508 1363 3551 arca
1378 3504 1423 3548 uo·

308 3603 377 3662 stra
401 3598 492 3681 regia
512 3597 680 3681 Pragensi,
697 3598 851 3682 vigesima
867 3604 959 3663 sexta
978 3597 1030 3662 die
1046 3597 1164 3661 mensis
1179 3591 1324 3678 Augusti
1342 3595 1424 3658 1605.

308 3707 497 3791 Regnorum
518 3712 578 3772 etc.

855 3887 890 3973 b)

415 4027 486 4094 Nos
502 4030 697 4116 Rudolphus
714 4037 773 4095 etc,
789 4029 971 4094 Memoriae
988 4029 1249 4094 commendamus
1265 4035 1324 4093 etc.
1341 4021 1425 4108 Quod
1496 4059 1500 4066 ·

308 4159 366 4203 nos
392 4139 517 4203 inducti
543 4139 719 4205 virtutibus
735 4161 774 4204 ac
789 4137 932 4203 fidolium
950 4143 983 4201 et
999 4137 1217 4203 constantium
1233 4137 1426 4201 seruitiorum

308 4247 485 4332 praeclaris
495 4248 618 4312 meritis
628 4247 732 4312 fidelis
743 4247 845 4312 nostri
856 4245 948 4312 nobis
960 4244 1071 4312 dilecti
1087 4242 1251 4328 magnifici
1267 4239 1426 4326 Pangratii
1505 4311 1509 4332 ,

309 4352 450 4437 Senniey
476 4351 629 4440 (titulus),
655 4355 774 4439 quibus
798 4377 866 4421 sese
891 4354 983 4421 nobis
1008 4375 1029 4418 a
1048 4353 1146 4436 longo
1162 4353 1228 4418 iam
1244 4357 1385 4437 tempore
1399 4354 1427 4412 et

307 4463 499 4546 pracsertim
514 4463 651 4547 benigne
667 4485 687 4528 a
703 4464 795 4530 nobis
825 4468 976 4547 suscepta
992 4462 1176 4546 provinciae
1192 4459 1427 4527 Transilvanise
1507 4519 1509 4556 ,

309 4569 552 4654 gubernatione,
577 4579 708 4654 gratum
733 4579 766 4638 et
790 4579 960 4657 acceptum
975 4571 1126 4637 exhibere
1142 4577 1175 4636 et
1190 4577 1355 4654 praestare
1370 4557 1427 4632 stu·

308 4677 389 4764 (luit,
405 4686 503 4778 atque
520 4679 552 4744 in
570 4679 717 4746 omuibus
733 4679 876 4748 advorsis
893 4687 925 4745 et
941 4679 1128 4779 perniciosis
1144 4679 1292 4764 motiburr,
1308 4676 1360 4772 qui
1376 4671 1427 4740 ali·
1507 4669 1509 4728 ἓ
