3042 5404
506 499 600 567 leot.
614 521 692 564 asoa
713 495 766 566 id.
1136 489 1200 568 175

1 718 2 756 3
79 673 214 768 Regeata
230 689 263 750 et
278 675 423 750 Urbaria
438 703 517 768 prae
533 677 683 748 manibus
707 677 908 766 haberemus,
933 696 1016 763 quae
1031 676 1066 746 in
1082 678 1201 748 Trans·

1 831 2 836 κ
80 793 214 875 sylrauia
238 792 380 878 plurim
403 791 616 873 invenientur,
641 795 675 854 et
692 789 791 854 etiarn
822 787 857 853 in
871 785 1057 854 Biblioteoa
1081 810 1153 856 mea
1168 791 1202 856 in

79 897 245 984 Huugaria
258 907 339 986 puto
354 921 407 966 me
420 899 542 966 habere
558 897 722 965 nonnulla
746 895 841 962 Haec
857 915 917 980 ego
932 897 1055 982 scripsi,
1070 906 1108 965 ut
1123 900 1202 967 mibi

80 1015 291 1092 occurrerunt,
319 1013 353 1074 et
377 1029 443 1095 quo
466 1009 500 1074 in
515 1011 605 1074 statu
630 1004 866 1090 Transylvania
889 1026 962 1072 meo
971 1010 1117 1092 tempore
1132 1007 1202 1076 luit

81 1115 147 1184 Non
161 1119 211 1184 ita
226 1116 385 1200 tarditati,
400 1137 500 1202 quam
516 1113 714 1200 aegritudini
729 1113 856 1180 veniam
871 1119 957 1198 peto.

180 1611 322 1668 Kale-dns:
345 1609 541 1668 illustrissimo
566 1607 680 1664 domino
705 1609 819 1664 domino
844 1607 1046 1680 aneroaagt
1062 1617 1115 1668 ote.
1130 1631 1203 1671 saer.

1 1695 2 1749 Ϊ
82 1717 148 1760 mes.
163 1703 320 1774 regiaeque
334 1699 495 1756 Maiestatis
511 1715 686 1756 camerarum
711 1717 819 1755 summo
835 1699 1008 1770 praesidenti
1025 1707 1079 1758 ete.
1094 1709 1123 1756 et
1139 1721 1203 1758 oon·

1 1829 2 1865 3
81 1792 132 1847 silii
145 1793 247 1849 secreti
263 1791 427 1848 consiliario
442 1797 497 1849 eto.
513 1789 635 1846 Domino
650 1793 771 1861 patrono
786 1789 1053 1848 observandissime.

506 1931 663 2006 (Eredetije
681 1949 709 1990 a.
728 1927 766 2000 o.)

539 2190 756 2263 XXXVIII.

411 2343 507 2406 1602.
530 2337 743 2405 deozemb.
767 2341 875 2404 ibim.

186 2495 274 2551 Bona
281 2497 409 2566 jolendem
423 2493 585 2562 liudoleoe,
595 2511 628 2548 aa
642 2491 745 2562 addas
757 2492 842 2563 wydo
856 2493 1101 2550 rmddelsosdadsdl.

184 2627 289 2698 Sacra
303 2629 467 2699 Caesarea
481 2628 652 2696 Maiestas

1 2805 2 2812 χ
183 2737 376 2805 Maluissem
391 2737 560 2806 Maiestati
576 2735 666 2806 Vrae
676 2733 857 2802 humillime
866 2757 1020 2821 praeseus
1029 2759 1209 2825 proponere

85 2865 186 2910 rerum
195 2845 414 2912 conditionem
424 2853 457 2912 et
466 2851 589 2912 statum
598 2843 693 2910 hum
702 2843 1211 2930 provinciae‘lrausilvaniaased

85 2973 164 3034 quae
178 2974 282 3040 nuper
306 2952 466 3020 Maiestas
482 2951 604 3022 Vestra
623 2949 703 3016 mihi
718 2951 909 3036 exequenda
923 2952 1100 3036 mandavit,
1117 2956 1211 3020 nimis

1 3069 2 3119 ὲ
86 3057 215 3126 fortasse
240 3061 384 3128 reditum
408 3083 515 3128 meum
549 3057 679 3126 differre
704 3059 867 3143 suspioor:
894 3080 983 3125 meas
1008 3065 1118 3145 partes
1143 3059 1212 3126 fore

1 3181 2 3246 3
87 3167 269 3252 existimavi,
284 3167 311 3256 ¹)
335 3171 363 3234 si
388 3189 536 3254 eaquae
560 3167 640 3233 mihi
670 3167 846 3253 impensius
870 3165 946 3236 huie
961 3169 1144 3254 provinciae
1161 3167 1213 3254 (ut

1 3309 2 3333 r
88 3295 145 3357 par
170 3275 232 3362 est)
257 3275 440 3362 invigilanti
458 3275 592 3342 utiliora
606 3293 676 3340 esse
700 3273 850 3340 ridentur
866 3279 900 3339 et
915 3272 1057 3343 Vestrae
1074 3277 1213 3342 nominis

87 3379 250 3450 Maiestati
276 3383 471 3456 honestiora.
496 3385 626 3469 seriptis
651 3403 794 3466 narrare,
819 3387 856 3448 ut
880 3387 1063 3470 opportune
1078 3405 1164 3450 nunc
1180 3391 1214 3450 et

1 3495 2 3578 J
87 3491 152 3556 siue
166 3493 233 3558 ulla
256 3493 411 3578 temporis
435 3513 597 3559 aerarum
616 3491 752 3575 iactura,
777 3489 865 3577 quod
889 3489 1058 3558 Maiestati
1073 3491 1214 3562 Vestrae

1 3613 2 3647 1
89 3600 186 3682 magis
200 3599 343 3683 libuerit,
359 3605 503 3667 statuere
519 3621 558 3667 ao
573 3605 688 3684 postea
706 3599 867 3684 imperare
888 3599 1000 3684 possit.

190 3725 357 3793 Praelium
382 3747 475 3792 omne
499 3724 573 3793 ideo
588 3723 728 3792 insertur
752 3729 791 3792 ut
806 3726 996 3812 acquiratur
1011 3723 1136 3812 aliquid
1152 3749 1216 3794 nou
1300 3795 1305 3808 ,

1 3817 2 3902 l
92 3831 191 3898 solun
214 3833 411 3916 diritimuna
435 3831 606 3900 sedetiam
630 3839 669 3900 ut
691 3853 794 3900 norae
810 3834 893 3900 vires
918 3853 958 3898 ex
973 3832 1146 3902 debellatis
1161 3857 1216 3922 po·

1 3966 2 4015 ι
93 3941 175 4023 pulis
189 3948 221 4008 et
234 3941 333 4008 rebus
348 3939 436 4008 bello
452 3941 648 4027 comparatis
662 3941 794 4008 vintoris
818 3941 952 4027 reliquis
976 3941 1149 4027 provinciis
1165 3965 1216 4010 ao·

1 4047 2 4092 l
95 4055 235 4116 arescant
250 4055 353 4135 atque
370 4047 418 4115 ita
442 4048 589 4116 hostibus
613 4049 683 4133 ipse
707 4049 811 4134 magis
835 4046 978 4116 infensus
994 4048 1167 4117 reddatur:
1184 4059 1218 4117 et

1 4179 2 4238 ς
94 4152 167 4222 buio
188 4163 293 4224 metae
318 4163 475 4242 tanquam
509 4177 606 4242 seopo
631 4157 806 4242 praecipuo
831 4157 967 4224 consilia
991 4158 1108 4242 omnia,
1133 4180 1217 4243 quae

1 4307 2 4364 ᾗ
96 4261 354 4334 deliberationem
369 4263 579 4351 praeoeduut,
595 4265 664 4331 sine
682 4263 782 4332 dubio
797 4271 1002 4334 concurrunt

97 4425 301 4439 ω.-

200 4520 237 4580 ¹).
252 4556 258 4570 .
273 4557 279 4572 .
295 4518 346 4571 ade
358 4521 466 4572 udaian
487 4535 505 4572 a
517 4517 645 4572 biztosok
655 4519 846 4585 megdrlreadse
865 4519 1108 4586 kbteleasegemmt
1121 4514 1217 4581 tanai«,

1 4625 2 4682 ᾗ
98 4603 245 4670 moudjaaa
258 4611 334 4660 olaaz
355 4609 427 4676 pald.
450 4611 491 4660 Do
512 4610 549 4662 itt
570 4625 633 4662 nem
655 4609 826 4674 atbnylegos
847 4608 1041 4673 megdrkezeat
1064 4611 1163 4661 nauem
1186 4625 1218 4660 aa

1 4751 2 4754 Ἰ
100 4689 179 4745 irtbau
190 4697 266 4748 letale
277 4698 340 4748 arti.
