3218 5424
495 509 589 566 1607.
607 514 665 568 adr..
686 509 734 566 16.
1116 506 1181 568 529

61 699 115 745 nec
139 680 328 764 obsequium
353 679 445 763 regui
470 681 638 764 nostrique
654 681 810 766 principis
826 681 869 748 ad
885 682 979 747 unius
994 683 1114 767 privati
1131 683 1187 748 ho-

61 786 148 852 minis
172 789 367 854 instantiam
392 787 581 872 despiceret
606 787 824 856 Recordando
851 810 909 854 sua
932 787 1015 854 Mas
1040 789 1188 874 benigne,

61 893 232 980 principem
256 896 343 963 hunc
368 903 516 962 nostrum
540 917 560 962 a
575 897 688 981 primis
703 897 839 964 militiae
855 919 932 964 suae
948 897 1138 965 rudimentis
1154 899 1188 963 in

60 1004 237 1088 praecipuis
252 1003 446 1090 Hungariae
457 1003 604 1070 confiniis
621 1005 660 1070 de
676 1007 784 1090 patria
800 1008 922 1092 optime
939 1027 1008 1072 esse
1023 1009 1186 1090 meritum,

61 1110 244 1196 seniumque
260 1133 353 1178 suum
369 1113 404 1178 in
418 1111 482 1179 lide
498 1111 576 1178 Mus
598 1111 679 1180 voe
696 1115 854 1198 attigisse.

162 1235 268 1320 Super
292 1258 383 1304 arces
408 1235 526 1303 Kdutr
552 1244 585 1303 et
609 1236 701 1303 Huzt
719 1237 854 1322 pertidia
871 1240 1113 1324 capitaneorum
1128 1259 1188 1322 per

62 1341 298 1410 Homonnaium
313 1346 521 1431 interceptas,
531 1347 680 1431 princeps
697 1353 807 1412 noster
823 1351 922 1431 atque
938 1347 1069 1413 ordines
1084 1347 1187 1412 solen-

1 1439 2 1442 *
62 1453 140 1518 niter
163 1457 397 1538 protestantur,
422 1453 510 1538 quod
535 1475 589 1520 eas
615 1455 707 1521 iuxta
733 1456 967 1522 continentiam
998 1453 1187 1540 diplomatis

64 1559 135 1626 Mn·
149 1561 229 1628 vtae
249 1569 326 1628 sunt
341 1564 523 1648 repetituri.
540 1560 632 1648 Quae
649 1569 757 1630 tamen
772 1585 824 1629 res
840 1587 880 1630 ne
895 1565 1076 1650 periculum
1093 1564 1191 1628 alter-

1 1705 2 1708 *
64 1671 125 1735 utri
141 1671 227 1755 parti
251 1671 397 1754 inferret,
426 1671 616 1756 dignaretur
631 1671 713 1738 Meas
730 1671 794 1740 Vra
809 1671 1019 1739 Homonnaio
1036 1671 1120 1736 serio
1137 1670 1190 1736 de-

63 1779 218 1864 mandare,
243 1785 281 1846 ut
306 1801 360 1846 eas
385 1803 476 1847 arces
500 1782 688 1848 restitueret
713 1787 746 1848 et
762 1803 782 1847 a
797 1779 916 1848 finibus
934 1779 1190 1847 Transilvanicis

63 1887 298 1973 intercipiendis
315 1888 466 1973 deinceps
481 1889 669 1956 abstineret.

164 2015 259 2082 Bona
281 2015 340 2081 illa
356 2018 506 2082 universa
529 2038 629 2100 regno
655 2022 851 2082 testamento
867 2016 986 2099 legata,
1003 2035 1087 2099 quae
1103 2012 1190 2078 idem

65 2119 284 2190 Homonnaius
309 2127 454 2208 tempore
480 2123 683 2190 deductionis
708 2121 832 2189 luneris
863 2123 1007 2188 defuncti
1033 2122 1191 2208 principis

65 2230 202 2315 abstulit,
228 2237 262 2296 et
282 2253 321 2296 ea
337 2233 437 2297 etiam
453 2253 537 2316 quae
553 2232 587 2296 in
603 2252 677 2296 arce
695 2229 813 2296 Kduar
829 2231 1009 2316 occupavit,
1026 2251 1112 2315 quae
1128 2229 1191 2294 lra-

65 2345 145 2404 trum
161 2347 355 2424 nostrorum,
381 2339 610 2424 orphanorum,
626 2339 797 2406 viduarum
812 2347 845 2405 et
861 2340 1000 2405 aliorum
1016 2337 1192 2422 proborum

1 2502 2 2517 .
65 2446 223 2514 bominum
246 2447 345 2532 luere,
361 2450 417 2532 qui
432 2449 564 2533 indigne
580 2449 711 2532 spoliati
727 2453 812 2532 sunt,
828 2453 866 2513 ut
882 2445 1040 2512 Maiestas
1056 2445 1121 2514 vra
1142 2446 1188 2510 in-

67 2559 150 2638 tegre
165 2577 224 2640 per
239 2577 312 2622 eum
328 2557 458 2622 restitui
473 2555 594 2640 iubeat,
610 2556 790 2622 humillime
806 2555 840 2619 id
856 2575 986 2639 quoque
1001 2553 1132 2638 petitur.

164 2681 222 2748 Ad
232 2689 420 2766 extremum,
432 2683 472 2747 de
482 2683 542 2748 illa
558 2683 768 2767 pecuniarum
785 2703 919 2765 summa,
933 2701 1016 2766 quae
1032 2701 1091 2765 per
1108 2699 1191 2744 oom-

67 2790 224 2856 missarios
248 2789 325 2856 Mtte
341 2791 423 2860 Vrae
439 2789 481 2856 ad
497 2791 640 2856 diversas
657 2789 798 2856 eiusdem
813 2789 1023 2855 necessitates
1039 2789 1074 2852 in
1090 2809 1190 2870 regno

69 2896 322 2964 Transsilvaniae
333 2899 573 2984 passimlerata
583 2897 654 2981 luit,
665 2899 841 2964 secundum
852 2898 1036 2963 absolutam
1046 2897 1079 2961 in
1089 2902 1193 2960 trans·

69 3009 188 3073 actione
213 3007 345 3092 publica
370 3008 647 3092 deliberationem,
680 3014 718 3074 ut
733 3007 815 3072 Man
831 3007 896 3074 vra
913 3003 1128 3072 creditoribus
1145 3023 1192 3067 sa·

68 3114 278 3182 tisiactionem
301 3115 372 3182 fieri
398 3117 581 3199 demandet,
606 3115 786 3181 humillime
812 3121 917 3180 status
943 3121 1042 3198 atque
1062 3111 1191 3179 ordines

70 3225 253 3307 supplicant.

168 3331 219 3396 De
244 3331 297 3397 his
314 3329 463 3398 omnibus
482 3331 766 3398 clementissimam
782 3336 815 3396 et
830 3331 1003 3415 benignam
1019 3327 1096 3394 Mus
1112 3326 1193 3396 Vnae

71 3457 142 3504 sacr.
167 3441 316 3525 princeps
341 3447 440 3526 atque
465 3440 594 3507 ordines
620 3449 653 3506 et
673 3445 777 3506 status
798 3439 1063 3504 'Pranssilvanioe
1080 3457 1192 3520 expec-

1 3537 4 3618 ³.
70 3553 135 3612 tant
159 3550 399 3632 resolutionem,
425 3571 522 3633 quam
547 3547 623 3614 Mtte
649 3547 729 3616 Vrsa
754 3569 834 3612 sacr.
860 3547 1000 3628 gratiam
1026 3543 1193 3628 perpetuis
1219 3545 1221 3555 '

70 3653 137 3721 fidei
147 3658 291 3724 sincerae
302 3657 418 3724 officiis
428 3657 467 3722 de
477 3656 545 3721 Mae
560 3656 627 3726 Vrt
641 3662 740 3740 atque
766 3655 995 3739 augustissima
1012 3653 1107 3718 domo
1123 3649 1193 3716 Au-

71 3763 182 3831 striaca
197 3765 357 3833 demereri
373 3765 552 3830 humillime
564 3764 762 3830 conabimur.

2 3981 3 3984 Ἴ
169 3919 271 3974 Kiehl:
287 3918 313 3973 A
329 3919 522 3974 sacratissima
538 3935 672 3976 caesarea
684 3917 818 3987 regiaque
834 3913 995 3980 Maiestate,
1012 3911 1150 3984 principis
1161 3931 1194 3966 ac

2 4023 3 4088 ζ
73 4012 188 4064 statuum
200 4015 228 4064 et
239 4008 368 4064 ordinum
385 4009 603 4066 Transilvaniac
623 4007 799 4063 humillimae
815 4005 974 4077 petitiones.

171 4135 373 4192 praesentatae
391 4135 419 4192 5.
434 4133 513 4202 Julii,
533 4153 608 4190 arrrro
628 4133 722 4202 1607,
738 4131 808 4186 hora
826 4133 853 4188 3.
870 4135 934 4202 post
950 4128 1103 4184 meridiem.

346 4277 385 4352 (A
410 4277 486 4338 bdcsi
503 4298 542 4338 cs.
566 4276 596 4336 ds
623 4279 675 4337 hir.
690 4277 738 4338 tlt
754 4277 785 4334 lt.
802 4273 911 4348 Hung.)

123 4855 215 4908 sedern
225 4853 402 4905 Orsaiggytlltal
412 4851 533 4894 Emle'kelr.
544 4849 562 4886 V
