<?xml version="1.0" encoding="UTF-8"?>
<!DOCTYPE html PUBLIC "-//W3C//DTD XHTML 1.0 Transitional//EN"
    "http://www.w3.org/TR/xhtml1/DTD/xhtml1-transitional.dtd">
<html xmlns="http://www.w3.org/1999/xhtml" xml:lang="en" lang="en">
 <head>
  <title>
</title>
<meta http-equiv="Content-Type" content="text/html;charset=utf-8" />
  <meta name='ocr-system' content='tesseract 3.04.00' />
  <meta name='ocr-capabilities' content='ocr_page ocr_carea ocr_par ocr_line ocrx_word'/>
</head>
<body>
  <div class='ocr_page' id='page_1' title='image "./monumentahungar14bizogoog/monumentahungar14bizogoog_0259.png"; bbox 0 0 3030 5416; ppageno 0'>
   <div class='ocr_carea' id='block_1_1' title="bbox 492 446 1197 507">
    <p class='ocr_par' dir='ltr' id='par_1_1' title="bbox 492 446 1197 507">
     <span class='ocr_line' id='line_1_1' title="bbox 492 446 1197 507; baseline 0.001 -2"><span class='ocrx_word' id='word_1_1' title='bbox 492 449 708 506; x_wconf 68' lang='grc'><strong>1111111111</strong></span> <span class='ocrx_word' id='word_1_2' title='bbox 725 451 776 506; x_wconf 78' lang='lat'><strong>20.</strong></span> <span class='ocrx_word' id='word_1_3' title='bbox 1133 446 1197 507; x_wconf 77' lang='lat'><strong>247</strong></span> 
     </span>
    </p>
   </div>
   <div class='ocr_carea' id='block_1_2' title="bbox 1 620 1282 4070">
    <p class='ocr_par' dir='ltr' id='par_1_2' title="bbox 19 620 1198 1014">
     <span class='ocr_line' id='line_1_2' title="bbox 19 620 1198 708; baseline 0.001 -19"><span class='ocrx_word' id='word_1_4' title='bbox 19 620 24 631; x_wconf 92' lang='lat'>&#39;</span> <span class='ocrx_word' id='word_1_5' title='bbox 71 623 260 708; x_wconf 87' lang='lat' dir='ltr'><strong>pitationem</strong></span> <span class='ocrx_word' id='word_1_6' title='bbox 300 623 457 692; x_wconf 81' lang='grc'><strong>1111111111</strong></span> <span class='ocrx_word' id='word_1_7' title='bbox 481 623 578 690; x_wconf 83' lang='lat' dir='ltr'><strong>iactis</strong></span> <span class='ocrx_word' id='word_1_8' title='bbox 604 623 753 708; x_wconf 75' lang='lat' dir='ltr'><strong>expensis</strong></span> <span class='ocrx_word' id='word_1_9' title='bbox 778 621 957 689; x_wconf 88' lang='lat' dir='ltr'><strong>obtinenda</strong></span> <span class='ocrx_word' id='word_1_10' title='bbox 981 623 1198 706; x_wconf 87' lang='lat' dir='ltr'><strong>contributic;</strong></span> 
     </span>
     <span class='ocr_line' id='line_1_3' title="bbox 73 731 1198 817; baseline 0.001 -20"><span class='ocrx_word' id='word_1_11' title='bbox 73 737 163 816; x_wconf 89' lang='lat' dir='ltr'><strong>atque</strong></span> <span class='ocrx_word' id='word_1_12' title='bbox 187 734 250 799; x_wconf 89' lang='lat' dir='ltr'><strong>illa</strong></span> <span class='ocrx_word' id='word_1_13' title='bbox 276 735 385 800; x_wconf 87' lang='lat' dir='ltr'><strong>omnia</strong></span> <span class='ocrx_word' id='word_1_14' title='bbox 409 738 443 800; x_wconf 89' lang='lat' dir='ltr'><strong>et</strong></span> <span class='ocrx_word' id='word_1_15' title='bbox 457 733 586 816; x_wconf 72' lang='lat' dir='ltr'><strong>singula</strong></span> <span class='ocrx_word' id='word_1_16' title='bbox 600 731 683 798; x_wconf 88' lang='lat' dir='ltr'><strong>bene</strong></span> <span class='ocrx_word' id='word_1_17' title='bbox 700 732 871 817; x_wconf 89' lang='lat' dir='ltr'><strong>explorata</strong></span> <span class='ocrx_word' id='word_1_18' title='bbox 886 753 1015 798; x_wconf 85' lang='grc'><strong>111111</strong></span> <span class='ocrx_word' id='word_1_19' title='bbox 1031 736 1198 816; x_wconf 87' lang='lat' dir='ltr'><strong>comperta</strong></span> 
     </span>
     <span class='ocr_line' id='line_1_4' title="bbox 72 840 1196 927; baseline 0.003 -23"><span class='ocrx_word' id='word_1_20' title='bbox 72 841 102 904; x_wconf 92' lang='lat' dir='ltr'><strong>iu</strong></span> <span class='ocrx_word' id='word_1_21' title='bbox 125 842 249 926; x_wconf 83' lang='lat' dir='ltr'><strong>scripta</strong></span> <span class='ocrx_word' id='word_1_22' title='bbox 274 842 380 927; x_wconf 79' lang='lat' dir='ltr'><strong>redigi</strong></span> <span class='ocrx_word' id='word_1_23' title='bbox 405 847 439 908; x_wconf 90' lang='grc'><strong>11</strong></span> <span class='ocrx_word' id='word_1_24' title='bbox 462 843 497 907; x_wconf 92' lang='lat' dir='ltr'><strong>in</strong></span> <span class='ocrx_word' id='word_1_25' title='bbox 522 841 718 908; x_wconf 88' lang='lat' dir='ltr'><strong>cancellaria</strong></span> <span class='ocrx_word' id='word_1_26' title='bbox 732 841 813 926; x_wconf 89' lang='lat' dir='ltr'><strong>ipsis</strong></span> <span class='ocrx_word' id='word_1_27' title='bbox 828 840 889 907; x_wconf 92' lang='lat' dir='ltr'><strong>snb</strong></span> <span class='ocrx_word' id='word_1_28' title='bbox 905 845 997 908; x_wconf 91' lang='lat' dir='ltr'><strong>recta</strong></span> <span class='ocrx_word' id='word_1_29' title='bbox 1012 842 1196 907; x_wconf 81' lang='lat' dir='ltr'><strong>conseruari</strong></span> 
     </span>
     <span class='ocr_line' id='line_1_5' title="bbox 73 955 186 1014; baseline 0 0"><span class='ocrx_word' id='word_1_30' title='bbox 73 955 186 1014; x_wconf 85' lang='lat' dir='ltr'><strong>curent</strong></span> 
     </span>
    </p>

    <p class='ocr_par' dir='ltr' id='par_1_3' title="bbox 72 1056 1282 2338">
     <span class='ocr_line' id='line_1_6' title="bbox 168 1056 1197 1141; baseline -0.001 -18"><span class='ocrx_word' id='word_1_31' title='bbox 168 1056 407 1124; x_wconf 78' lang='lat' dir='ltr'><strong>Ecclesiastico</strong></span> <span class='ocrx_word' id='word_1_32' title='bbox 431 1058 518 1124; x_wconf 89' lang='lat' dir='ltr'><strong>bona</strong></span> <span class='ocrx_word' id='word_1_33' title='bbox 542 1061 577 1124; x_wconf 90' lang='lat' dir='ltr'><strong>et</strong></span> <span class='ocrx_word' id='word_1_34' title='bbox 601 1057 743 1124; x_wconf 87' lang='lat' dir='ltr'><strong>decimas</strong></span> <span class='ocrx_word' id='word_1_35' title='bbox 768 1060 856 1124; x_wconf 90' lang='lat' dir='ltr'><strong>omui</strong></span> <span class='ocrx_word' id='word_1_36' title='bbox 872 1057 979 1124; x_wconf 90' lang='lat' dir='ltr'><strong>studio</strong></span> <span class='ocrx_word' id='word_1_37' title='bbox 991 1059 1197 1141; x_wconf 79' lang='lat' dir='ltr'><strong>investigent,</strong></span> 
     </span>
     <span class='ocr_line' id='line_1_7' title="bbox 72 1165 1195 1250; baseline 0.004 -22"><span class='ocrx_word' id='word_1_38' title='bbox 72 1165 122 1229; x_wconf 88' lang='lat' dir='ltr'><strong>illa</strong></span> <span class='ocrx_word' id='word_1_39' title='bbox 145 1165 310 1232; x_wconf 79' lang='lat' dir='ltr'><strong>conscribi</strong></span> <span class='ocrx_word' id='word_1_40' title='bbox 335 1166 466 1250; x_wconf 86' lang='grc'><strong>1111111,</strong></span> <span class='ocrx_word' id='word_1_41' title='bbox 490 1166 570 1250; x_wconf 91' lang='lat' dir='ltr'><strong>quid</strong></span> <span class='ocrx_word' id='word_1_42' title='bbox 594 1165 710 1232; x_wconf 86' lang='lat' dir='ltr'><strong>exinde</strong></span> <span class='ocrx_word' id='word_1_43' title='bbox 735 1165 964 1233; x_wconf 87' lang='lat' dir='ltr'><strong>ecelesiasticis</strong></span> <span class='ocrx_word' id='word_1_44' title='bbox 988 1167 1135 1250; x_wconf 88' lang='lat' dir='ltr'><strong>personis</strong></span> <span class='ocrx_word' id='word_1_45' title='bbox 1152 1165 1195 1232; x_wconf 90' lang='lat' dir='ltr'><strong>ad</strong></span> 
     </span>
     <span class='ocr_line' id='line_1_8' title="bbox 73 1274 1196 1362; baseline 0.002 -24"><span class='ocrx_word' id='word_1_46' title='bbox 73 1277 336 1344; x_wconf 64' lang='lat' dir='ltr'><strong>sustentationem</strong></span> <span class='ocrx_word' id='word_1_47' title='bbox 359 1277 503 1361; x_wconf 90' lang='lat' dir='ltr'><strong>ipsorum</strong></span> <span class='ocrx_word' id='word_1_48' title='bbox 528 1275 671 1358; x_wconf 87' lang='lat' dir='ltr'><strong>concedi,</strong></span> <span class='ocrx_word' id='word_1_49' title='bbox 687 1297 771 1360; x_wconf 88' lang='lat' dir='ltr'><strong>quae</strong></span> <span class='ocrx_word' id='word_1_50' title='bbox 787 1297 847 1362; x_wconf 91' lang='lat' dir='ltr'><strong>pro</strong></span> <span class='ocrx_word' id='word_1_51' title='bbox 862 1281 973 1342; x_wconf 90' lang='lat' dir='ltr'><strong>nostro</strong></span> <span class='ocrx_word' id='word_1_52' title='bbox 991 1282 1049 1342; x_wconf 90' lang='lat' dir='ltr'><strong>aut</strong></span> <span class='ocrx_word' id='word_1_53' title='bbox 1064 1274 1196 1342; x_wconf 87' lang='lat' dir='ltr'><strong>confini-</strong></span> 
     </span>
     <span class='ocr_line' id='line_1_9' title="bbox 73 1383 1195 1471; baseline 0.001 -23"><span class='ocrx_word' id='word_1_54' title='bbox 73 1405 155 1450; x_wconf 90' lang='lat' dir='ltr'><strong>orum</strong></span> <span class='ocrx_word' id='word_1_55' title='bbox 178 1408 275 1452; x_wconf 88' lang='lat' dir='ltr'><strong>usum</strong></span> <span class='ocrx_word' id='word_1_56' title='bbox 301 1387 467 1470; x_wconf 82' lang='lat' dir='ltr'><strong>reservari,</strong></span> <span class='ocrx_word' id='word_1_57' title='bbox 493 1391 550 1452; x_wconf 89' lang='lat' dir='ltr'><strong>aut</strong></span> <span class='ocrx_word' id='word_1_58' title='bbox 575 1387 702 1471; x_wconf 89' lang='lat' dir='ltr'><strong>siquae</strong></span> <span class='ocrx_word' id='word_1_59' title='bbox 717 1406 776 1471; x_wconf 89' lang='lat' dir='ltr'><strong>per</strong></span> <span class='ocrx_word' id='word_1_60' title='bbox 791 1385 1058 1471; x_wconf 77' lang='lat' dir='ltr'><strong>praedecessores</strong></span> <span class='ocrx_word' id='word_1_61' title='bbox 1074 1383 1195 1450; x_wconf 87' lang='lat' dir='ltr'><strong>abalie-</strong></span> 
     </span>
     <span class='ocr_line' id='line_1_10' title="bbox 74 1493 1282 1582; baseline 0 -24"><span class='ocrx_word' id='word_1_62' title='bbox 74 1499 142 1558; x_wconf 86' lang='lat' dir='ltr'><strong>uata</strong></span> <span class='ocrx_word' id='word_1_63' title='bbox 171 1501 258 1578; x_wconf 88' lang='lat' dir='ltr'><strong>snut,</strong></span> <span class='ocrx_word' id='word_1_64' title='bbox 276 1496 418 1582; x_wconf 76' lang='lat' dir='ltr'><strong>qualiter</strong></span> <span class='ocrx_word' id='word_1_65' title='bbox 443 1495 628 1579; x_wconf 88' lang='lat' dir='ltr'><strong>recuperari</strong></span> <span class='ocrx_word' id='word_1_66' title='bbox 644 1496 777 1578; x_wconf 79' lang='lat' dir='ltr'><strong>possint,</strong></span> <span class='ocrx_word' id='word_1_67' title='bbox 794 1493 906 1560; x_wconf 91' lang='lat' dir='ltr'><strong>sedulo</strong></span> <span class='ocrx_word' id='word_1_68' title='bbox 931 1493 1139 1576; x_wconf 88' lang='lat' dir='ltr'><strong>meditentur,</strong></span> <span class='ocrx_word' id='word_1_69' title='bbox 1156 1515 1195 1558; x_wconf 90' lang='grc'><strong>11</strong></span> <span class='ocrx_word' id='word_1_70' title='bbox 1275 1494 1282 1508; x_wconf 90' lang='grc'>’</span> 
     </span>
     <span class='ocr_line' id='line_1_11' title="bbox 73 1599 1192 1686; baseline -0.001 -20"><span class='ocrx_word' id='word_1_71' title='bbox 73 1605 304 1686; x_wconf 81' lang='lat' dir='ltr'><strong>recuperationi</strong></span> <span class='ocrx_word' id='word_1_72' title='bbox 330 1605 389 1670; x_wconf 90' lang='lat' dir='ltr'><strong>tali</strong></span> <span class='ocrx_word' id='word_1_73' title='bbox 415 1604 569 1671; x_wconf 88' lang='lat' dir='ltr'><strong>studeant</strong></span> <span class='ocrx_word' id='word_1_74' title='bbox 593 1608 651 1668; x_wconf 90' lang='lat' dir='ltr'><strong>aut</strong></span> <span class='ocrx_word' id='word_1_75' title='bbox 676 1623 734 1668; x_wconf 90' lang='lat' dir='ltr'><strong>nos</strong></span> <span class='ocrx_word' id='word_1_76' title='bbox 759 1601 932 1686; x_wconf 84' lang='lat' dir='ltr'><strong>superinde</strong></span> <span class='ocrx_word' id='word_1_77' title='bbox 948 1599 1192 1684; x_wconf 83' lang='grc'><strong>1111111111;11</strong></span> 
     </span>
     <span class='ocr_line' id='line_1_12' title="bbox 73 1707 1194 1795; baseline 0.002 -21"><span class='ocrx_word' id='word_1_78' title='bbox 73 1707 310 1794; x_wconf 85' lang='lat' dir='ltr'><strong>baoplurimum</strong></span> <span class='ocrx_word' id='word_1_79' title='bbox 320 1714 448 1794; x_wconf 83' lang='lat' dir='ltr'><strong>attenti,</strong></span> <span class='ocrx_word' id='word_1_80' title='bbox 463 1719 501 1778; x_wconf 91' lang='grc'><strong>11</strong></span> <span class='ocrx_word' id='word_1_81' title='bbox 516 1733 627 1778; x_wconf 89' lang='lat' dir='ltr'><strong>ornnes</strong></span> <span class='ocrx_word' id='word_1_82' title='bbox 642 1710 859 1792; x_wconf 79' lang='lat' dir='ltr'><strong>fundationes,</strong></span> <span class='ocrx_word' id='word_1_83' title='bbox 876 1712 1092 1795; x_wconf 88' lang='lat' dir='ltr'><strong>episcopatus,</strong></span> <span class='ocrx_word' id='word_1_84' title='bbox 1100 1731 1194 1794; x_wconf 85' lang='lat' dir='ltr'><strong>prae·</strong></span> 
     </span>
     <span class='ocr_line' id='line_1_13' title="bbox 74 1817 1193 1904; baseline -0.001 -19"><span class='ocrx_word' id='word_1_85' title='bbox 74 1822 226 1902; x_wconf 87' lang='lat' dir='ltr'><strong>positurae</strong></span> <span class='ocrx_word' id='word_1_86' title='bbox 258 1823 399 1888; x_wconf 86' lang='lat' dir='ltr'><strong>maiores</strong></span> <span class='ocrx_word' id='word_1_87' title='bbox 431 1828 465 1888; x_wconf 88' lang='lat' dir='ltr'><strong>et</strong></span> <span class='ocrx_word' id='word_1_88' title='bbox 487 1822 636 1904; x_wconf 87' lang='lat' dir='ltr'><strong>minores,</strong></span> <span class='ocrx_word' id='word_1_89' title='bbox 659 1819 843 1904; x_wconf 86' lang='lat' dir='ltr'><strong>parochiae,</strong></span> <span class='ocrx_word' id='word_1_90' title='bbox 869 1820 1000 1903; x_wconf 88' lang='lat' dir='ltr'><strong>aliaque</strong></span> <span class='ocrx_word' id='word_1_91' title='bbox 1025 1817 1193 1900; x_wconf 87' lang='lat' dir='ltr'><strong>beneficia,</strong></span> 
     </span>
     <span class='ocr_line' id='line_1_14' title="bbox 76 1925 1194 2014; baseline 0.001 -23"><span class='ocrx_word' id='word_1_92' title='bbox 76 1929 304 2014; x_wconf 88' lang='lat' dir='ltr'><strong>eorundemque</strong></span> <span class='ocrx_word' id='word_1_93' title='bbox 329 1930 462 1997; x_wconf 84' lang='lat' dir='ltr'><strong>collatio</strong></span> <span class='ocrx_word' id='word_1_94' title='bbox 487 1929 580 1996; x_wconf 89' lang='lat' dir='ltr'><strong>uubis</strong></span> <span class='ocrx_word' id='word_1_95' title='bbox 604 1929 647 1995; x_wconf 90' lang='lat' dir='ltr'><strong>sit</strong></span> <span class='ocrx_word' id='word_1_96' title='bbox 665 1929 778 1996; x_wconf 84' lang='lat' dir='ltr'><strong>libera</strong></span> <span class='ocrx_word' id='word_1_97' title='bbox 793 1925 848 1994; x_wconf 87' lang='lat' dir='ltr'><strong>Ac</strong></span> <span class='ocrx_word' id='word_1_98' title='bbox 864 1929 891 1993; x_wconf 90' lang='grc'><strong>11</strong></span> <span class='ocrx_word' id='word_1_99' title='bbox 908 1949 989 2011; x_wconf 86' lang='lat' dir='ltr'><strong>quos</strong></span> <span class='ocrx_word' id='word_1_100' title='bbox 1005 1929 1194 2012; x_wconf 86' lang='lat' dir='ltr'><strong>repererint,</strong></span> 
     </span>
     <span class='ocr_line' id='line_1_15' title="bbox 77 2037 1190 2121; baseline 0.001 -20"><span class='ocrx_word' id='word_1_101' title='bbox 77 2057 149 2118; x_wconf 87' lang='lat' dir='ltr'><strong>quae</strong></span> <span class='ocrx_word' id='word_1_102' title='bbox 177 2039 260 2102; x_wconf 89' lang='lat' dir='ltr'><strong>talia</strong></span> <span class='ocrx_word' id='word_1_103' title='bbox 291 2037 379 2104; x_wconf 89' lang='lat' dir='ltr'><strong>bona</strong></span> <span class='ocrx_word' id='word_1_104' title='bbox 402 2039 622 2104; x_wconf 85' lang='lat' dir='ltr'><strong>ecelesiastica</strong></span> <span class='ocrx_word' id='word_1_105' title='bbox 646 2038 759 2121; x_wconf 85' lang='lat' dir='ltr'><strong>quouis</strong></span> <span class='ocrx_word' id='word_1_106' title='bbox 784 2037 881 2104; x_wconf 91' lang='lat' dir='ltr'><strong>titulo</strong></span> <span class='ocrx_word' id='word_1_107' title='bbox 897 2037 1109 2121; x_wconf 88' lang='lat' dir='ltr'><strong>possiderent,</strong></span> <span class='ocrx_word' id='word_1_108' title='bbox 1125 2058 1190 2120; x_wconf 90' lang='lat' dir='ltr'><strong>quo</strong></span> 
     </span>
     <span class='ocr_line' id='line_1_16' title="bbox 75 2144 1193 2231; baseline 0.002 -23"><span class='ocrx_word' id='word_1_109' title='bbox 75 2144 159 2210; x_wconf 91' lang='grc'><strong>1111</strong></span> <span class='ocrx_word' id='word_1_110' title='bbox 168 2146 209 2212; x_wconf 92' lang='lat' dir='ltr'><strong>ab</strong></span> <span class='ocrx_word' id='word_1_111' title='bbox 225 2147 292 2211; x_wconf 93' lang='lat' dir='ltr'><strong>illis</strong></span> <span class='ocrx_word' id='word_1_112' title='bbox 306 2145 529 2231; x_wconf 86' lang='lat' dir='ltr'><strong>recuperanda</strong></span> <span class='ocrx_word' id='word_1_113' title='bbox 544 2153 602 2214; x_wconf 91' lang='lat' dir='ltr'><strong>aut</strong></span> <span class='ocrx_word' id='word_1_114' title='bbox 617 2147 688 2212; x_wconf 86' lang='lat' dir='ltr'><strong>aliis</strong></span> <span class='ocrx_word' id='word_1_115' title='bbox 704 2145 798 2212; x_wconf 92' lang='lat' dir='ltr'><strong>bonis</strong></span> <span class='ocrx_word' id='word_1_116' title='bbox 814 2144 1094 2230; x_wconf 85' lang='lat' dir='ltr'><strong>aequivalentibus</strong></span> <span class='ocrx_word' id='word_1_117' title='bbox 1109 2145 1193 2210; x_wconf 91' lang='lat' dir='ltr'><strong>redi·</strong></span> 
     </span>
     <span class='ocr_line' id='line_1_17' title="bbox 77 2253 671 2338; baseline 0.008 -23"><span class='ocrx_word' id='word_1_118' title='bbox 77 2253 188 2338; x_wconf 87' lang='lat' dir='ltr'><strong>nenda,</strong></span> <span class='ocrx_word' id='word_1_119' title='bbox 203 2275 264 2320; x_wconf 89' lang='lat' dir='ltr'><strong>uos</strong></span> <span class='ocrx_word' id='word_1_120' title='bbox 281 2254 415 2320; x_wconf 72' lang='lat' dir='ltr'><strong>cunulis</strong></span> <span class='ocrx_word' id='word_1_121' title='bbox 431 2275 490 2320; x_wconf 89' lang='lat' dir='ltr'><strong>suo</strong></span> <span class='ocrx_word' id='word_1_122' title='bbox 506 2254 671 2321; x_wconf 82' lang='lat' dir='ltr'><strong>edoceant</strong></span> 
     </span>
    </p>

    <p class='ocr_par' dir='ltr' id='par_1_4' title="bbox 78 2361 1195 2988">
     <span class='ocr_line' id='line_1_18' title="bbox 171 2361 1193 2448; baseline -0.003 -20"><span class='ocrx_word' id='word_1_123' title='bbox 171 2361 320 2428; x_wconf 81' lang='lat' dir='ltr'><strong>Eandem</strong></span> <span class='ocrx_word' id='word_1_124' title='bbox 346 2383 475 2448; x_wconf 89' lang='lat' dir='ltr'><strong>qnoque</strong></span> <span class='ocrx_word' id='word_1_125' title='bbox 495 2384 604 2428; x_wconf 89' lang='lat' dir='ltr'><strong>curam</strong></span> <span class='ocrx_word' id='word_1_126' title='bbox 621 2361 764 2426; x_wconf 88' lang='lat' dir='ltr'><strong>babeant</strong></span> <span class='ocrx_word' id='word_1_127' title='bbox 778 2361 812 2426; x_wconf 92' lang='lat' dir='ltr'><strong>in</strong></span> <span class='ocrx_word' id='word_1_128' title='bbox 829 2361 1059 2445; x_wconf 90' lang='lat' dir='ltr'><strong>conquirendis</strong></span> <span class='ocrx_word' id='word_1_129' title='bbox 1075 2361 1193 2446; x_wconf 89' lang='lat' dir='ltr'><strong>princi·</strong></span> 
     </span>
     <span class='ocr_line' id='line_1_19' title="bbox 78 2468 1193 2554; baseline 0.002 -22"><span class='ocrx_word' id='word_1_130' title='bbox 78 2468 120 2550; x_wconf 92' lang='lat' dir='ltr'><strong>pis</strong></span> <span class='ocrx_word' id='word_1_131' title='bbox 140 2471 312 2554; x_wconf 82' lang='lat' dir='ltr'><strong>regalibus,</strong></span> <span class='ocrx_word' id='word_1_132' title='bbox 337 2493 376 2537; x_wconf 90' lang='lat' dir='ltr'><strong>ac</strong></span> <span class='ocrx_word' id='word_1_133' title='bbox 400 2473 434 2536; x_wconf 92' lang='lat' dir='ltr'><strong>in</strong></span> <span class='ocrx_word' id='word_1_134' title='bbox 458 2473 507 2554; x_wconf 90' lang='lat' dir='ltr'><strong>iis,</strong></span> <span class='ocrx_word' id='word_1_135' title='bbox 534 2492 618 2554; x_wconf 88' lang='lat' dir='ltr'><strong>quae</strong></span> <span class='ocrx_word' id='word_1_136' title='bbox 643 2469 727 2536; x_wconf 83' lang='lat' dir='ltr'><strong>forte</strong></span> <span class='ocrx_word' id='word_1_137' title='bbox 752 2470 873 2534; x_wconf 89' lang='lat' dir='ltr'><strong>iniusto</strong></span> <span class='ocrx_word' id='word_1_138' title='bbox 890 2469 987 2534; x_wconf 87' lang='lat' dir='ltr'><strong>titulo</strong></span> <span class='ocrx_word' id='word_1_139' title='bbox 1004 2469 1193 2534; x_wconf 88' lang='lat' dir='ltr'><strong>abalienata</strong></span> 
     </span>
     <span class='ocr_line' id='line_1_20' title="bbox 80 2575 1193 2663; baseline 0.004 -23"><span class='ocrx_word' id='word_1_140' title='bbox 80 2577 140 2658; x_wconf 85' lang='lat' dir='ltr'><strong>siut,</strong></span> <span class='ocrx_word' id='word_1_141' title='bbox 163 2579 391 2662; x_wconf 86' lang='lat' dir='ltr'><strong>recuperandis</strong></span> <span class='ocrx_word' id='word_1_142' title='bbox 416 2585 450 2644; x_wconf 88' lang='lat' dir='ltr'><strong>et</strong></span> <span class='ocrx_word' id='word_1_143' title='bbox 474 2581 507 2646; x_wconf 89' lang='grc'><strong>11</strong></span> <span class='ocrx_word' id='word_1_144' title='bbox 533 2579 705 2663; x_wconf 88' lang='lat' dir='ltr'><strong>pristinum</strong></span> <span class='ocrx_word' id='word_1_145' title='bbox 721 2583 843 2642; x_wconf 88' lang='lat' dir='ltr'><strong>statum</strong></span> <span class='ocrx_word' id='word_1_146' title='bbox 860 2575 1054 2660; x_wconf 79' lang='lat' dir='ltr'><strong>redigendis,</strong></span> <span class='ocrx_word' id='word_1_147' title='bbox 1070 2583 1108 2643; x_wconf 92' lang='lat' dir='ltr'><strong>ut</strong></span> <span class='ocrx_word' id='word_1_148' title='bbox 1124 2597 1193 2644; x_wconf 87' lang='lat' dir='ltr'><strong>sue·</strong></span> 
     </span>
     <span class='ocr_line' id='line_1_21' title="bbox 82 2686 1195 2772; baseline 0.002 -24"><span class='ocrx_word' id='word_1_149' title='bbox 82 2703 160 2750; x_wconf 86' lang='grc'><strong>11111</strong></span> <span class='ocrx_word' id='word_1_150' title='bbox 175 2688 339 2772; x_wconf 88' lang='lat' dir='ltr'><strong>temporis,</strong></span> <span class='ocrx_word' id='word_1_151' title='bbox 364 2689 390 2752; x_wconf 91' lang='grc'><strong>11</strong></span> <span class='ocrx_word' id='word_1_152' title='bbox 407 2708 465 2771; x_wconf 89' lang='lat' dir='ltr'><strong>per</strong></span> <span class='ocrx_word' id='word_1_153' title='bbox 481 2707 576 2771; x_wconf 88' lang='lat' dir='ltr'><strong>quem</strong></span> <span class='ocrx_word' id='word_1_154' title='bbox 593 2687 770 2770; x_wconf 89' lang='lat' dir='ltr'><strong>principem</strong></span> <span class='ocrx_word' id='word_1_155' title='bbox 787 2707 827 2749; x_wconf 81' lang='lat' dir='ltr'><strong>ex</strong></span> <span class='ocrx_word' id='word_1_156' title='bbox 842 2692 952 2751; x_wconf 91' lang='lat' dir='ltr'><strong>nostro</strong></span> <span class='ocrx_word' id='word_1_157' title='bbox 968 2686 1018 2751; x_wconf 87' lang='lat' dir='ltr'><strong>rel</strong></span> <span class='ocrx_word' id='word_1_158' title='bbox 1034 2705 1195 2752; x_wconf 85' lang='lat' dir='ltr'><strong>suecesso-</strong></span> 
     </span>
     <span class='ocr_line' id='line_1_22' title="bbox 80 2793 1193 2880; baseline 0.003 -23"><span class='ocrx_word' id='word_1_159' title='bbox 80 2813 140 2857; x_wconf 87' lang='lat' dir='ltr'><strong>rum</strong></span> <span class='ocrx_word' id='word_1_160' title='bbox 161 2801 346 2861; x_wconf 88' lang='lat' dir='ltr'><strong>nostrorum</strong></span> <span class='ocrx_word' id='word_1_161' title='bbox 365 2815 499 2861; x_wconf 90' lang='lat' dir='ltr'><strong>assensn</strong></span> <span class='ocrx_word' id='word_1_162' title='bbox 514 2794 623 2860; x_wconf 85' lang='lat' dir='ltr'><strong>isthuc</strong></span> <span class='ocrx_word' id='word_1_163' title='bbox 638 2813 769 2862; x_wconf 87' lang='lat' dir='ltr'><strong>manere</strong></span> <span class='ocrx_word' id='word_1_164' title='bbox 786 2793 997 2878; x_wconf 81' lang='lat' dir='ltr'><strong>contingeret,</strong></span> <span class='ocrx_word' id='word_1_165' title='bbox 1013 2815 1073 2880; x_wconf 91' lang='lat' dir='ltr'><strong>pro</strong></span> <span class='ocrx_word' id='word_1_166' title='bbox 1090 2793 1193 2878; x_wconf 83' lang='lat' dir='ltr'><strong>digui-</strong></span> 
     </span>
     <span class='ocr_line' id='line_1_23' title="bbox 81 2903 558 2988; baseline 0.008 -24"><span class='ocrx_word' id='word_1_167' title='bbox 81 2905 138 2966; x_wconf 89' lang='lat' dir='ltr'><strong>tate</strong></span> <span class='ocrx_word' id='word_1_168' title='bbox 151 2903 303 2988; x_wconf 87' lang='lat' dir='ltr'><strong>principis</strong></span> <span class='ocrx_word' id='word_1_169' title='bbox 318 2904 424 2968; x_wconf 84' lang='lat' dir='ltr'><strong>rivere</strong></span> <span class='ocrx_word' id='word_1_170' title='bbox 440 2909 558 2988; x_wconf 86' lang='lat' dir='ltr'><strong>posset</strong></span> 
     </span>
    </p>

    <p class='ocr_par' dir='ltr' id='par_1_5' title="bbox 1 3008 1194 4070">
     <span class='ocr_line' id='line_1_24' title="bbox 172 3008 1194 3096; baseline -0.001 -19"><span class='ocrx_word' id='word_1_171' title='bbox 172 3008 337 3094; x_wconf 75' lang='lat' dir='ltr'><strong>Quantum</strong></span> <span class='ocrx_word' id='word_1_172' title='bbox 362 3031 438 3076; x_wconf 84' lang='lat' dir='ltr'><strong>uero</strong></span> <span class='ocrx_word' id='word_1_173' title='bbox 464 3012 506 3078; x_wconf 89' lang='lat' dir='ltr'><strong>ad</strong></span> <span class='ocrx_word' id='word_1_174' title='bbox 531 3017 706 3095; x_wconf 83' lang='lat' dir='ltr'><strong>prouentus</strong></span> <span class='ocrx_word' id='word_1_175' title='bbox 723 3010 893 3078; x_wconf 88' lang='lat' dir='ltr'><strong>modernos</strong></span> <span class='ocrx_word' id='word_1_176' title='bbox 910 3012 1036 3092; x_wconf 86' lang='lat' dir='ltr'><strong>attinet,</strong></span> <span class='ocrx_word' id='word_1_177' title='bbox 1053 3033 1108 3076; x_wconf 89' lang='lat' dir='ltr'><strong>eos</strong></span> <span class='ocrx_word' id='word_1_178' title='bbox 1125 3011 1194 3096; x_wconf 91' lang='lat' dir='ltr'><strong>qui-</strong></span> 
     </span>
     <span class='ocr_line' id='line_1_25' title="bbox 83 3114 1193 3204; baseline 0.007 -26"><span class='ocrx_word' id='word_1_179' title='bbox 83 3114 142 3180; x_wconf 91' lang='lat' dir='ltr'><strong>dem</strong></span> <span class='ocrx_word' id='word_1_180' title='bbox 165 3119 280 3184; x_wconf 89' lang='lat' dir='ltr'><strong>scimus</strong></span> <span class='ocrx_word' id='word_1_181' title='bbox 305 3118 347 3184; x_wconf 93' lang='lat' dir='ltr'><strong>ob</strong></span> <span class='ocrx_word' id='word_1_182' title='bbox 364 3119 533 3202; x_wconf 90' lang='lat' dir='ltr'><strong>disturbia,</strong></span> <span class='ocrx_word' id='word_1_183' title='bbox 559 3119 817 3204; x_wconf 85' lang='lat' dir='ltr'><strong>digladiationes,</strong></span> <span class='ocrx_word' id='word_1_184' title='bbox 843 3119 965 3201; x_wconf 86' lang='lat' dir='ltr'><strong>caedes,</strong></span> <span class='ocrx_word' id='word_1_185' title='bbox 989 3118 1193 3204; x_wconf 89' lang='lat' dir='ltr'><strong>depraedati·</strong></span> 
     </span>
     <span class='ocr_line' id='line_1_26' title="bbox 83 3225 1194 3311; baseline 0.007 -25"><span class='ocrx_word' id='word_1_186' title='bbox 83 3243 154 3305; x_wconf 88' lang='lat' dir='ltr'><strong>ones,</strong></span> <span class='ocrx_word' id='word_1_187' title='bbox 171 3225 292 3291; x_wconf 78' lang='lat' dir='ltr'><strong>samem</strong></span> <span class='ocrx_word' id='word_1_188' title='bbox 317 3233 351 3291; x_wconf 94' lang='lat' dir='ltr'><strong>et</strong></span> <span class='ocrx_word' id='word_1_189' title='bbox 374 3231 499 3310; x_wconf 88' lang='lat' dir='ltr'><strong>pestem</strong></span> <span class='ocrx_word' id='word_1_190' title='bbox 524 3227 708 3309; x_wconf 88' lang='lat' dir='ltr'><strong>praeteritis</strong></span> <span class='ocrx_word' id='word_1_191' title='bbox 734 3227 827 3292; x_wconf 89' lang='lat' dir='ltr'><strong>annis</strong></span> <span class='ocrx_word' id='word_1_192' title='bbox 848 3233 1021 3311; x_wconf 81' lang='lat' dir='ltr'><strong>grassatus,</strong></span> <span class='ocrx_word' id='word_1_193' title='bbox 1037 3233 1071 3292; x_wconf 88' lang='lat' dir='ltr'><strong>et</strong></span> <span class='ocrx_word' id='word_1_194' title='bbox 1086 3227 1194 3294; x_wconf 90' lang='lat' dir='ltr'><strong>adhue</strong></span> 
     </span>
     <span class='ocr_line' id='line_1_27' title="bbox 83 3333 1194 3419; baseline 0.002 -19"><span class='ocrx_word' id='word_1_195' title='bbox 83 3339 247 3412; x_wconf 68' lang='lat' dir='ltr'><strong>cunnus</strong></span> <span class='ocrx_word' id='word_1_196' title='bbox 272 3353 340 3400; x_wconf 90' lang='lat' dir='ltr'><strong>esse</strong></span> <span class='ocrx_word' id='word_1_197' title='bbox 356 3335 556 3419; x_wconf 85' lang='lat' dir='ltr'><strong>perexiguos,</strong></span> <span class='ocrx_word' id='word_1_198' title='bbox 572 3333 698 3400; x_wconf 84' lang='lat' dir='ltr'><strong>futuros</strong></span> <span class='ocrx_word' id='word_1_199' title='bbox 715 3339 825 3400; x_wconf 88' lang='lat' dir='ltr'><strong>tamen</strong></span> <span class='ocrx_word' id='word_1_200' title='bbox 842 3334 893 3400; x_wconf 92' lang='lat' dir='ltr'><strong>dei</strong></span> <span class='ocrx_word' id='word_1_201' title='bbox 909 3333 1065 3401; x_wconf 87' lang='lat' dir='ltr'><strong>beneficio</strong></span> <span class='ocrx_word' id='word_1_202' title='bbox 1081 3337 1194 3403; x_wconf 90' lang='lat' dir='ltr'><strong>melio·</strong></span> 
     </span>
     <span class='ocr_line' id='line_1_28' title="bbox 83 3439 1191 3526; baseline 0.006 -25"><span class='ocrx_word' id='word_1_203' title='bbox 83 3458 139 3523; x_wconf 75' lang='lat' dir='ltr'><strong>res,</strong></span> <span class='ocrx_word' id='word_1_204' title='bbox 161 3447 192 3506; x_wconf 93' lang='lat' dir='ltr'><strong>et</strong></span> <span class='ocrx_word' id='word_1_205' title='bbox 209 3441 366 3508; x_wconf 90' lang='lat' dir='ltr'><strong>eiusmodi</strong></span> <span class='ocrx_word' id='word_1_206' title='bbox 381 3441 595 3526; x_wconf 89' lang='lat' dir='ltr'><strong>potissimum,</strong></span> <span class='ocrx_word' id='word_1_207' title='bbox 610 3441 659 3506; x_wconf 89' lang='lat' dir='ltr'><strong>uti</strong></span> <span class='ocrx_word' id='word_1_208' title='bbox 676 3439 803 3506; x_wconf 80' lang='lat' dir='ltr'><strong>fodinas</strong></span> <span class='ocrx_word' id='word_1_209' title='bbox 820 3443 1026 3524; x_wconf 74' lang='lat' dir='ltr'><strong>miserarum,</strong></span> <span class='ocrx_word' id='word_1_210' title='bbox 1042 3444 1124 3526; x_wconf 91' lang='lat' dir='ltr'><strong>auri,</strong></span> <span class='ocrx_word' id='word_1_211' title='bbox 1140 3465 1191 3508; x_wconf 89' lang='lat' dir='ltr'><strong>ar-</strong></span> 
     </span>
     <span class='ocr_line' id='line_1_29' title="bbox 85 3549 1193 3636; baseline 0.004 -24"><span class='ocrx_word' id='word_1_212' title='bbox 85 3550 165 3632; x_wconf 79' lang='lat' dir='ltr'><strong>genti,</strong></span> <span class='ocrx_word' id='word_1_213' title='bbox 193 3553 291 3636; x_wconf 90' lang='lat' dir='ltr'><strong>cupri,</strong></span> <span class='ocrx_word' id='word_1_214' title='bbox 323 3551 401 3616; x_wconf 89' lang='lat' dir='ltr'><strong>salis</strong></span> <span class='ocrx_word' id='word_1_215' title='bbox 432 3555 466 3616; x_wconf 86' lang='lat' dir='ltr'><strong>et</strong></span> <span class='ocrx_word' id='word_1_216' title='bbox 497 3549 635 3616; x_wconf 89' lang='lat' dir='ltr'><strong>aliorum</strong></span> <span class='ocrx_word' id='word_1_217' title='bbox 659 3549 874 3634; x_wconf 90' lang='lat' dir='ltr'><strong>metallorum,</strong></span> <span class='ocrx_word' id='word_1_218' title='bbox 899 3551 977 3615; x_wconf 87' lang='lat' dir='ltr'><strong>item</strong></span> <span class='ocrx_word' id='word_1_219' title='bbox 1003 3551 1193 3634; x_wconf 88' lang='lat' dir='ltr'><strong>tricesimas,</strong></span> 
     </span>
     <span class='ocr_line' id='line_1_30' title="bbox 85 3653 1194 3744; baseline 0.005 -26"><span class='ocrx_word' id='word_1_220' title='bbox 85 3653 232 3739; x_wconf 74' lang='lat' dir='ltr'><strong>vigesimae</strong></span> <span class='ocrx_word' id='word_1_221' title='bbox 241 3660 370 3744; x_wconf 86' lang='lat' dir='ltr'><strong>aliaque</strong></span> <span class='ocrx_word' id='word_1_222' title='bbox 386 3659 566 3742; x_wconf 84' lang='lat' dir='ltr'><strong>uectigalia,</strong></span> <span class='ocrx_word' id='word_1_223' title='bbox 583 3659 733 3724; x_wconf 90' lang='lat' dir='ltr'><strong>similiter</strong></span> <span class='ocrx_word' id='word_1_224' title='bbox 750 3659 922 3726; x_wconf 87' lang='grc'><strong>1111111111</strong></span> <span class='ocrx_word' id='word_1_225' title='bbox 940 3679 1104 3740; x_wconf 78' lang='lat' dir='ltr'><strong>camerae,</strong></span> <span class='ocrx_word' id='word_1_226' title='bbox 1122 3681 1194 3724; x_wconf 88' lang='lat' dir='ltr'><strong>een-</strong></span> 
     </span>
     <span class='ocr_line' id='line_1_31' title="bbox 85 3765 1193 3852; baseline 0.007 -27"><span class='ocrx_word' id='word_1_227' title='bbox 85 3783 127 3828; x_wconf 90' lang='lat' dir='ltr'><strong>sus</strong></span> <span class='ocrx_word' id='word_1_228' title='bbox 148 3767 308 3833; x_wconf 85' lang='lat' dir='ltr'><strong>civitatum</strong></span> <span class='ocrx_word' id='word_1_229' title='bbox 323 3765 566 3834; x_wconf 82' lang='lat' dir='ltr'><strong>Saxonicalium</strong></span> <span class='ocrx_word' id='word_1_230' title='bbox 592 3767 794 3852; x_wconf 89' lang='lat' dir='ltr'><strong>aliarumque</strong></span> <span class='ocrx_word' id='word_1_231' title='bbox 820 3769 995 3851; x_wconf 85' lang='lat' dir='ltr'><strong>civitatum,</strong></span> <span class='ocrx_word' id='word_1_232' title='bbox 1013 3765 1193 3834; x_wconf 86' lang='lat' dir='ltr'><strong>confiscati-</strong></span> 
     </span>
     <span class='ocr_line' id='line_1_32' title="bbox 1 3874 962 3960; baseline 0.005 -25"><span class='ocrx_word' id='word_1_233' title='bbox 1 3919 2 3922; x_wconf 21' lang='lat'><em>*</em></span> <span class='ocrx_word' id='word_1_234' title='bbox 87 3889 156 3956; x_wconf 86' lang='grc'><strong>1111,</strong></span> <span class='ocrx_word' id='word_1_235' title='bbox 174 3875 332 3958; x_wconf 87' lang='lat' dir='ltr'><strong>collectas,</strong></span> <span class='ocrx_word' id='word_1_236' title='bbox 349 3874 603 3940; x_wconf 87' lang='lat' dir='ltr'><strong>contributiones</strong></span> <span class='ocrx_word' id='word_1_237' title='bbox 618 3874 765 3960; x_wconf 91' lang='lat' dir='ltr'><strong>publicas</strong></span> <span class='ocrx_word' id='word_1_238' title='bbox 782 3881 815 3941; x_wconf 90' lang='lat' dir='ltr'><strong>et</strong></span> <span class='ocrx_word' id='word_1_239' title='bbox 830 3875 962 3942; x_wconf 88' lang='lat' dir='ltr'><strong>similes.</strong></span> 
     </span>
     <span class='ocr_line' id='line_1_33' title="bbox 173 3981 1187 4070; baseline 0.004 -23"><span class='ocrx_word' id='word_1_240' title='bbox 173 3981 222 4047; x_wconf 85' lang='lat' dir='ltr'><strong>Ex</strong></span> <span class='ocrx_word' id='word_1_241' title='bbox 236 3983 443 4050; x_wconf 87' lang='lat' dir='ltr'><strong>metallorum</strong></span> <span class='ocrx_word' id='word_1_242' title='bbox 458 3988 572 4069; x_wconf 88' lang='lat' dir='ltr'><strong>utpote</strong></span> <span class='ocrx_word' id='word_1_243' title='bbox 589 3985 668 4067; x_wconf 89' lang='lat' dir='ltr'><strong>auri,</strong></span> <span class='ocrx_word' id='word_1_244' title='bbox 685 3985 812 4068; x_wconf 82' lang='lat' dir='ltr'><strong>argenti</strong></span> <span class='ocrx_word' id='word_1_245' title='bbox 829 3987 862 4049; x_wconf 91' lang='lat' dir='ltr'><strong>et</strong></span> <span class='ocrx_word' id='word_1_246' title='bbox 879 3985 970 4070; x_wconf 89' lang='lat' dir='ltr'><strong>cupri</strong></span> <span class='ocrx_word' id='word_1_247' title='bbox 987 3984 1117 4051; x_wconf 89' lang='lat' dir='ltr'><strong>cultura</strong></span> <span class='ocrx_word' id='word_1_248' title='bbox 1132 4005 1187 4051; x_wconf 90' lang='lat' dir='ltr'><strong>no·</strong></span> 
     </span>
    </p>
   </div>
   <div class='ocr_carea' id='block_1_3' title="bbox 1 4083 1192 4730">
    <p class='ocr_par' dir='ltr' id='par_1_6' title="bbox 1 4083 1190 4268">
     <span class='ocr_line' id='line_1_34' title="bbox 87 4083 1190 4180; baseline 0.011 -32"><span class='ocrx_word' id='word_1_249' title='bbox 87 4083 126 4150; x_wconf 90' lang='lat' dir='ltr'><strong>bis</strong></span> <span class='ocrx_word' id='word_1_250' title='bbox 146 4111 202 4155; x_wconf 90' lang='lat' dir='ltr'><strong>uon</strong></span> <span class='ocrx_word' id='word_1_251' title='bbox 224 4091 475 4159; x_wconf 86' lang='lat' dir='ltr'><strong>contemnendas</strong></span> <span class='ocrx_word' id='word_1_252' title='bbox 499 4093 660 4160; x_wconf 86' lang='lat' dir='ltr'><strong>utilitates</strong></span> <span class='ocrx_word' id='word_1_253' title='bbox 686 4115 871 4160; x_wconf 86' lang='lat' dir='ltr'><strong>accessuras</strong></span> <span class='ocrx_word' id='word_1_254' title='bbox 890 4115 949 4180; x_wconf 91' lang='lat' dir='ltr'><strong>pro</strong></span> <span class='ocrx_word' id='word_1_255' title='bbox 967 4093 1190 4160; x_wconf 86' lang='grc'><strong>1111111111-</strong></span> 
     </span>
     <span class='ocr_line' id='line_1_35' title="bbox 1 4195 287 4268; baseline -0.007 0"><span class='ocrx_word' id='word_1_256' title='bbox 1 4263 2 4268; x_wconf 73' lang='grc'><strong>,</strong></span> <span class='ocrx_word' id='word_1_257' title='bbox 88 4195 122 4260; x_wconf 87' lang='lat' dir='ltr'><strong>tis</strong></span> <span class='ocrx_word' id='word_1_258' title='bbox 137 4201 287 4266; x_wconf 86' lang='lat' dir='ltr'><strong>asseritur.</strong></span> 
     </span>
    </p>

    <p class='ocr_par' dir='ltr' id='par_1_7' title="bbox 1 4307 1192 4730">
     <span class='ocr_line' id='line_1_36' title="bbox 173 4307 1186 4396; baseline 0.005 -23"><span class='ocrx_word' id='word_1_259' title='bbox 173 4307 305 4374; x_wconf 86' lang='lat' dir='ltr'><strong>Dabunt</strong></span> <span class='ocrx_word' id='word_1_260' title='bbox 320 4309 432 4394; x_wconf 90' lang='lat' dir='ltr'><strong>itaque</strong></span> <span class='ocrx_word' id='word_1_261' title='bbox 449 4311 625 4376; x_wconf 90' lang='lat' dir='ltr'><strong>consiliarii</strong></span> <span class='ocrx_word' id='word_1_262' title='bbox 642 4313 746 4378; x_wconf 88' lang='lat' dir='ltr'><strong>nostri</strong></span> <span class='ocrx_word' id='word_1_263' title='bbox 762 4333 903 4396; x_wconf 89' lang='lat' dir='ltr'><strong>operam,</strong></span> <span class='ocrx_word' id='word_1_264' title='bbox 920 4317 957 4377; x_wconf 89' lang='lat' dir='ltr'><strong>nt</strong></span> <span class='ocrx_word' id='word_1_265' title='bbox 973 4311 1091 4396; x_wconf 89' lang='lat' dir='ltr'><strong>quibus</strong></span> <span class='ocrx_word' id='word_1_266' title='bbox 1107 4311 1186 4378; x_wconf 90' lang='lat' dir='ltr'><strong>locis</strong></span> 
     </span>
     <span class='ocr_line' id='line_1_37' title="bbox 1 4416 1191 4506; baseline 0.013 -35"><span class='ocrx_word' id='word_1_267' title='bbox 1 4466 2 4472; x_wconf 74' lang='grc'><strong>,</strong></span> <span class='ocrx_word' id='word_1_268' title='bbox 91 4431 120 4476; x_wconf 87' lang='grc'><strong>11</strong></span> <span class='ocrx_word' id='word_1_269' title='bbox 139 4416 254 4482; x_wconf 87' lang='lat' dir='ltr'><strong>cultura</strong></span> <span class='ocrx_word' id='word_1_270' title='bbox 269 4438 333 4502; x_wconf 91' lang='lat' dir='ltr'><strong>quo</strong></span> <span class='ocrx_word' id='word_1_271' title='bbox 349 4417 458 4484; x_wconf 90' lang='lat' dir='ltr'><strong>fructu</strong></span> <span class='ocrx_word' id='word_1_272' title='bbox 474 4441 513 4484; x_wconf 89' lang='lat' dir='ltr'><strong>ae</strong></span> <span class='ocrx_word' id='word_1_273' title='bbox 528 4419 768 4504; x_wconf 91' lang='lat' dir='ltr'><strong>quibusmodis,</strong></span> <span class='ocrx_word' id='word_1_274' title='bbox 785 4441 889 4506; x_wconf 83' lang='lat' dir='ltr'><strong>quove</strong></span> <span class='ocrx_word' id='word_1_275' title='bbox 906 4420 1019 4485; x_wconf 91' lang='lat' dir='ltr'><strong>ordine</strong></span> <span class='ocrx_word' id='word_1_276' title='bbox 1036 4423 1070 4486; x_wconf 93' lang='lat' dir='ltr'><strong>in</strong></span> <span class='ocrx_word' id='word_1_277' title='bbox 1087 4421 1191 4487; x_wconf 82' lang='lat' dir='ltr'><strong>Tran-</strong></span> 
     </span>
     <span class='ocr_line' id='line_1_38' title="bbox 91 4523 1192 4615; baseline 0.01 -28"><span class='ocrx_word' id='word_1_278' title='bbox 91 4523 1192 4615; x_wconf 72' lang='grc'><strong>111111111111111111111,1111111111;111111111111111111111111111</strong></span> 
     </span>
     <span class='ocr_line' id='line_1_39' title="bbox 93 4635 1190 4730; baseline 0.009 -32"><span class='ocrx_word' id='word_1_279' title='bbox 93 4635 163 4717; x_wconf 80' lang='lat' dir='ltr'><strong>operi</strong></span> <span class='ocrx_word' id='word_1_280' title='bbox 172 4635 324 4706; x_wconf 84' lang='grc'><strong>11111111</strong></span> <span class='ocrx_word' id='word_1_281' title='bbox 333 4637 475 4723; x_wconf 85' lang='lat' dir='ltr'><strong>iubeant,</strong></span> <span class='ocrx_word' id='word_1_282' title='bbox 486 4648 605 4730; x_wconf 89' lang='lat' dir='ltr'><strong>quarta</strong></span> <span class='ocrx_word' id='word_1_283' title='bbox 614 4647 707 4730; x_wconf 89' lang='lat' dir='ltr'><strong>parte</strong></span> <span class='ocrx_word' id='word_1_284' title='bbox 717 4641 838 4706; x_wconf 89' lang='lat' dir='ltr'><strong>nostris</strong></span> <span class='ocrx_word' id='word_1_285' title='bbox 854 4639 1037 4728; x_wconf 90' lang='lat' dir='ltr'><strong>sumptibus</strong></span> <span class='ocrx_word' id='word_1_286' title='bbox 1054 4639 1190 4708; x_wconf 82' lang='lat' dir='ltr'><strong>colenda</strong></span> 
     </span>
    </p>
   </div>
   <div class='ocr_carea' id='block_1_4' title="bbox 0 0 1543 5412">
    <p class='ocr_par' dir='ltr' id='par_1_8' title="bbox 0 0 1543 5412">
     <span class='ocr_line' id='line_1_40' title="bbox 0 0 1543 5412; baseline 0 0"><span class='ocrx_word' id='word_1_287' title='bbox 0 0 1543 5412; x_wconf 95' lang='lat' dir='ltr'><strong> </strong></span> 
     </span>
    </p>
   </div>
  </div>
 </body>
</html>
