3030 5416
250 485 256 498 .
316 441 380 503 256
693 451 812 500 suarm
828 433 1104 501 onsaloort'mlrs‘nu„

419 618 514 683 Inter
537 617 763 702 perceptiones
789 622 822 681 et
849 617 1054 700 erogationes
1070 623 1244 701 perceptor
1259 615 1451 703 praedictus

313 733 347 793 et
370 728 439 792 eius
464 726 687 792 contrascriba
702 724 789 790 hune
804 721 980 790 servabunt
996 724 1152 808 ordinem,
1169 732 1208 790 ut
1223 725 1358 791 bellicas
1374 743 1450 789 ero-

315 835 462 918 gationes
487 834 530 899 ad
554 831 695 900 confinia
718 832 769 897 vel
788 833 823 898 in
847 831 966 898 milites
983 832 1158 916 deputatas
1175 839 1208 898 et
1225 853 1447 900 conversasse

314 945 451 1026 iungant
476 949 510 1008 et
534 941 749 1025 distinguant,
775 945 809 1004 et
823 945 999 1024 propterea
1015 940 1156 1006 diversas
1173 963 1304 1026 quoque
1320 941 1451 1006 tabulas

318 1053 443 1136 accepti
459 1057 492 1117 et
509 1051 641 1136 expensi
657 1054 793 1116 servent.

421 1175 477 1241 Ab
509 1175 773 1240 administratore
805 1179 1021 1259 proventuum
1051 1173 1077 1240 J
1079 1197 1183 1242 eanne
1212 1175 1353 1258 Renner,
1377 1177 1449 1260 ipso

314 1283 632 1367 Reichlperceptore
648 1287 682 1347 et
696 1281 770 1346 aliis
786 1279 980 1346 officialibus
996 1303 1054 1365 per
1070 1284 1196 1366 priores
1211 1284 1450 1350 commissarios

316 1392 502 1458 constitutis
526 1391 670 1456 rationes
695 1410 791 1472 super
806 1391 994 1473 praeteritis
1010 1391 1277 1475 perceptionibus
1293 1397 1327 1457 et
1342 1411 1451 1473 eroga-

316 1503 458 1569 tionibus
489 1501 628 1584 exigant,
659 1505 692 1566 et
722 1500 913 1566 revisionem
943 1500 1074 1565 illarum
1105 1501 1265 1586 magistro
1290 1503 1450 1568 rationum

317 1610 527 1691 committent,
538 1613 571 1672 et
582 1607 723 1691 qualiter
733 1611 882 1690 repertae
891 1605 1021 1690 luerint,
1031 1629 1090 1672 nos
1100 1615 1175 1692 post
1189 1609 1253 1675 hac
1268 1609 1451 1702 informent,

317 1723 350 1782 et
365 1715 510 1782 delectus
524 1714 698 1781 rectificari
713 1714 765 1780 vel
781 1715 956 1780 restantias
971 1715 1077 1781 exolvi
1089 1716 1232 1782 iubeant

424 1841 603 1908 Praeterea
628 1841 821 1906 secretarius
845 1841 924 1924 ipsis
940 1841 1113 1907 adiunctus
1129 1841 1449 1910 omnibusconsulta-

319 1951 469 2035 tionibus,
494 1949 784 2016 deliberationibus
809 1955 843 2014 et
867 1949 1050 2016 actionibus
1074 1951 1108 2015 in
1125 1952 1260 2018 consilio
1274 1953 1338 2018 isto
1353 1953 1449 2016 inter·

318 2063 370 2144 sit,
396 2068 534 2144 actaque
560 2065 594 2123 et
610 2058 796 2124 consultata
812 2063 911 2141 atque
926 2057 1059 2124 decreta
1075 2060 1202 2124 consilii
1219 2061 1352 2145 seriptis
1368 2082 1449 2127 com·

318 2171 489 2254 plectatur,
514 2173 547 2231 et
572 2165 748 2231 secundum
774 2186 821 2250 ea,
838 2187 922 2250 quae
938 2167 1085 2250 expediri
1101 2189 1269 2233 necessum
1285 2175 1343 2252 est,
1359 2187 1449 2252 expe-

320 2279 397 2344 diat
422 2275 536 2342 Habet
559 2275 645 2340 idem
665 2295 794 2358 quoque
811 2279 961 2340 exactam
978 2295 1089 2340 curam
1106 2297 1203 2360 super
1219 2277 1447 2362 regestraturis

319 2385 640 2470 aliisquescripturis
651 2383 825 2449 cameralia
834 2384 899 2448 ista
909 2383 1166 2469 Transylvanica
1175 2385 1450 2467 concernentibus,

321 2495 464 2579 exceptis
479 2492 531 2558 his
547 2513 631 2578 quae
647 2491 690 2557 ad
704 2491 897 2574 magistrum
914 2497 1140 2576 computorum
1157 2498 1191 2557 et
1206 2496 1354 2560 rationes
1369 2495 1447 2559 eins·

321 2600 394 2666 dem
403 2601 576 2684 pertinent,
586 2601 634 2664 ita
643 2598 794 2664 videlieet
804 2605 841 2664 ut
857 2620 940 2682 quae
957 2597 1141 2666 deliberata
1158 2606 1192 2666 et
1208 2602 1362 2667 conclusa
1377 2604 1448 2666 sunt

320 2709 355 2774 in
380 2707 523 2790 consilio,
547 2713 636 2773 recte
652 2715 686 2773 et
701 2709 827 2792 integre
844 2708 1037 2792 scribantur,
1054 2714 1087 2774 et
1103 2731 1187 2793 quae
1203 2711 1238 2775 in
1254 2711 1382 2777 codices
1396 2711 1449 2774 aut

321 2819 450 2902 regesta
465 2814 635 2882 referenda
651 2822 755 2900 erunt,
771 2815 853 2882 bene
869 2821 969 2900 atque
985 2815 1136 2883 ordinate
1151 2819 1378 2903 registrentur.

428 2959 537 3045 Legat
547 2961 647 3026 etiam
663 2967 697 3026 et
711 2961 837 3044 relegat
853 2960 996 3026 crebrius
1013 2966 1047 3026 et
1063 2962 1222 3027 attentius
1238 2963 1449 3047 registaturea

323 3076 357 3136 et
380 3070 446 3135 alia
471 3090 548 3134 suae
564 3068 740 3134 functionis
756 3069 887 3154 scripta,
904 3075 937 3134 et
952 3069 980 3134 si
997 3089 1062 3152 qua
1076 3070 1200 3136 maiore
1216 3070 1449 3137 deliberatione

322 3199 403 3262 opus
417 3176 537 3243 habere
554 3183 612 3243 aut
628 3176 802 3242 commodis
818 3178 938 3242 nostris
954 3177 1180 3260 praeiudicare
1196 3181 1399 3263 compererit,
1414 3199 1449 3243 ea

321 3287 356 3351 in
381 3286 514 3352 oonsilio
538 3283 693 3370 proferat,
709 3291 747 3350 ut
762 3286 923 3350 maturius
956 3291 989 3350 et
1005 3287 1189 3353 accuratius
1205 3288 1343 3354 tractari
1360 3293 1393 3353 et
1407 3284 1449 3350 di·

322 3395 405 3461 souti
436 3401 565 3478 queant.
582 3390 654 3476 Quo
685 3413 760 3458 vero
791 3393 879 3458 hisce
904 3392 1003 3460 officii
1033 3395 1083 3459 sui
1098 3395 1240 3478 negociis
1256 3395 1450 3461 commodius

322 3502 473 3589 perlongi
498 3508 606 3588 queat,
623 3501 836 3586 adiungemus
852 3501 883 3566 ei
897 3522 1053 3586 personas
1068 3523 1128 3587 pre
1144 3502 1332 3569 adiumento
1348 3521 1450 3569 neces

323 3615 434 3696 sarias,
460 3611 577 3696 quibus
593 3631 652 3676 sua
668 3631 797 3694 quoque
813 3610 1008 3676 sustentatio
1024 3631 1157 3694 pernes
1173 3616 1222 3677 est
1237 3611 1396 3678 ordinate.

430 3737 478 3803 Et
502 3738 654 3822 quoniam
679 3737 847 3821 permagni
863 3741 975 3802 nostra
990 3736 1136 3821 interest,
1151 3741 1189 3803 ut
1204 3759 1331 3822 semper
1347 3735 1450 3804 omnis

324 3847 447 3930 scripta
472 3850 505 3910 et
529 3851 604 3911 acta
619 3845 774 3912 distincto
791 3845 905 3912 ordine
921 3842 1062 3910 fideliter
1078 3845 1299 3928 adserventur,
1315 3841 1449 3927 iniungi·

323 3975 394 4020 mus
409 3951 554 4036 firmiter,
569 3959 607 4018 ut
622 3957 822 4037 regestrator
838 3954 934 4039 selus,
950 3954 1002 4019 vel
1017 3955 1045 4019 si
1062 3954 1232 4039 expeditor
1247 3954 1288 4020 ob
1306 3953 1447 4038 negocio-

323 4083 396 4126 rum
411 4060 653 4128 multitudinem
670 4061 914 4128 oonstituendus
930 4063 1001 4146 erit,
1017 4062 1112 4130 ambo
1129 4063 1271 4128 omnium
1285 4062 1448 4128 literarum

324 4171 358 4236 in
383 4169 480 4235 rebus
505 4169 615 4235 arduis
630 4171 750 4236 nostris
773 4170 981 4255 undicunque
998 4171 1193 4256 scriptarum
1210 4171 1367 4256 exempla,
1383 4173 1450 4236 acta

325 4278 403 4344 item
429 4277 537 4343 omnia
560 4278 701 4362 propriis
728 4283 762 4342 et
777 4279 936 4364 separatis
952 4279 1169 4346 voluminibus
1194 4278 1402 4346 conscribant
1419 4279 1448 4338 et

327 4390 478 4450 accurate
495 4383 681 4450 custodiant
691 4384 934 4472 adserventque.

433 4509 606 4577 Caeterum
631 4513 859 4579 instructiones
883 4513 1093 4598 provisorum,
1110 4513 1383 4581 tricesimatorum
1397 4509 1447 4578 oli·

325 4639 482 4706 orumque
493 4617 680 4685 officialium
689 4625 873 4686 nostrorum
889 4621 955 4688 sire
972 4623 1102 4689 clausae
1117 4624 1183 4690 sive
1199 4629 1350 4708 patentes
1366 4621 1446 4708 prin·
