3062 5414
867 857 969 926 vm.

797 1025 895 1086 1601.
918 1021 1002 1088 okt
1025 1025 1056 1086 5c

353 1175 485 1246 ,i'trpaedqp
500 1178 528 1230 h
552 1175 677 1244 &aaa
694 1176 865 1244 saladam
889 1175 1071 1244 Zn'qiaradot,
1095 1176 1317 1245 koyyjontsljon
1342 1195 1359 1228 u
1374 1175 1466 1228 eodm&

828 1285 1011 1355 kepydme'sia

457 1435 668 1504 tamenne
692 1440 842 1523 princeps
867 1445 900 1502 et
926 1437 1054 1503 domiue
1078 1438 1206 1503 domine
1225 1438 1465 1504 clementissime.

459 1543 675 1612 seruitiorum
691 1556 723 1611 et
740 1548 924 1611 orationum
940 1545 1260 1612 commendationem.

459 1651 633 1737 Inopinata
659 1663 691 1718 et
706 1655 920 1739 ignominiosa
935 1655 1121 1718 serenitatis
1136 1661 1263 1720 restrae
1280 1655 1390 1738 paucis
1404 1657 1465 1718 aute

350 1757 464 1825 diebus
475 1783 514 1826 ex
524 1763 648 1846 praelio
664 1763 751 1846 fuga,
767 1784 851 1846 quae
867 1763 1015 1826 omnibus
1031 1764 1217 1828 serenitatis
1232 1769 1358 1828 restrae
1374 1783 1465 1828 amau·

350 1867 438 1934 tibus
448 1869 596 1936 lunens
613 1878 671 1952 est,
687 1870 772 1935 unde
789 1869 945 1936 acciderit
961 1873 1119 1936 serenitas
1142 1877 1250 1937 restra
1266 1873 1401 1956 ipsamet
1415 1869 1465 1934 col-

350 1973 453 2056 ligere
469 1985 586 2060 potest.
605 1975 676 2041 Nos
691 1977 780 2041 illam
800 1978 920 2060 partim
946 1978 1134 2041 serenitatis
1153 1985 1279 2042 restrae
1295 1976 1464 2052 temeritati,

350 2084 469 2166 partim
485 2085 582 2149 malis
599 2085 752 2168 consilijs,
769 2106 809 2149 ex
825 2105 936 2149 eorum
953 2085 1101 2150 fortassis
1116 2088 1172 2169 qui
1186 2087 1330 2170 proprijs
1345 2106 1466 2150 commo

348 2189 398 2254 dis
422 2191 564 2276 student,
580 2195 742 2258 sententia
757 2193 965 2258 manantibus
980 2193 1161 2258 tribuimus
1178 2193 1254 2257 Non
1269 2195 1359 2258 misit
1373 2199 1465 2257 restra

347 2301 505 2366 manitas
528 2301 657 2386 legatos
681 2301 724 2366 ad
739 2321 924 2366 caesaream
947 2300 1159 2366 Maiestatem
1174 2309 1212 2366 ut
1228 2309 1261 2366 et
1276 2323 1336 2366 nos
1351 2305 1464 2384 expect·

347 2407 472 2494 bamus,
502 2417 535 2474 et
569 2432 646 2476 snae
680 2409 853 2475 Maiestati
877 2411 1081 2494 promiserat,
1106 2411 1226 2494 quibus
1250 2433 1323 2476 cum
1347 2408 1465 2474 lieentia

348 2519 490 2584 ‹zaesaris
505 2520 677 2602 conirmcti,
687 2520 736 2584 ita
745 2525 874 2584 nostras
889 2519 988 2583 etism
1003 2525 1114 2602 partes
1129 2520 1384 2601 collocassemus,
1394 2514 1465 2602 quod

349 2645 454 2710 ireque
477 2628 643 2712 provincia
668 2625 922 2710 Transilrauiae,
956 2629 1047 2692 cuius
1081 2629 1181 2694 saluti
1206 2633 1240 2692 et
1262 2623 1465 2693 incolumitati

346 2735 505 2802 ararites
521 2743 630 2802 restra
652 2757 779 2820 semper
794 2735 925 2800 studere
941 2743 1059 2802 conata
1073 2737 1182 2818 fuerit,
1201 2741 1328 2801 tautum
1344 2737 1465 2820 cepisset

346 2841 587 2927 detrimentum,
597 2865 702 2928 neque
712 2846 1312 2929 serentatevestracastris,prorincia,
1329 2849 1362 2910 et
1378 2841 1465 2909 omui·

346 2951 406 3018 bus
422 2951 578 3038 clenodijs
602 2959 668 3018 tam
685 2951 793 3018 subito
810 2960 905 3018 eruta
920 2952 1053 3018 fuisset:
1069 2952 1126 3017 sed
1140 2974 1201 3018 nec
1225 2952 1393 3018 christiani
1407 2975 1466 3018 san-

344 3061 461 3146 goinis,
475 3061 568 3126 euius
583 3081 642 3144 pro
657 3061 785 3126 iectura
800 3081 910 3125 coram
926 3059 986 3125 deo
1002 3061 1155 3126 authores
1171 3061 1396 3145 grauissimam
1418 3061 1466 3126 ali-

344 3167 475 3253 quando
500 3175 576 3234 sunt
600 3167 759 3232 raldrcun
784 3169 952 3249 rationem,
977 3175 1072 3233 tanta
1096 3169 1185 3233 intra
1208 3189 1328 3252 psueos
1355 3189 1466 3235 menses

346 3275 518 3342 ernidisset
541 3274 694 3360 profusio.
714 3275 838 3342 Ferreo
862 3277 918 3340 ille
943 3283 1028 3341 esset
1043 3283 1176 3361 pectore
1192 3283 1226 3340 et
1241 3299 1306 3343 uon
1331 3277 1466 3344 christia·

345 3405 414 3469 nus,
424 3385 478 3470 qui
490 3393 557 3452 tam
568 3385 756 3472 splendidae
767 3392 800 3450 et
810 3385 959 3450 amabilis
969 3386 1153 3468 provinciae
1163 3387 1363 3468 uastitatem,
1372 3387 1466 3452 iucen-

343 3490 441 3578 dium,
466 3493 642 3577 infamiam,
666 3493 824 3558 baronum
850 3493 928 3558 item
945 3502 978 3558 et
993 3494 1159 3577 nobilium,
1176 3495 1232 3578 qui
1248 3495 1376 3578 generis
1392 3494 1464 3560 anti·

343 3601 478 3686 quitate,
494 3623 601 3688 opum,
617 3607 650 3667 et
666 3601 857 3668 diuitiarum
873 3603 1075 3685 praestantia
1090 3602 1150 3666 sub
1167 3604 1369 3686 protentione
1385 3622 1467 3688 prae·

342 3709 544 3778 decessorum
557 3710 742 3776 serenitatis
752 3715 877 3776 vestrae
887 3708 1075 3792 floruerunt,
1081 3731 1146 3775 non
1155 3716 1284 3776 tantum
1292 3711 1467 3794 bona,opes

344 3815 490 3900 gloriam,
514 3815 644 3900 fernam,
669 3816 726 3882 sed
752 3823 785 3881 et
808 3837 925 3881 nomen
944 3817 1050 3900 ipsum
1066 3817 1101 3880 in
1116 3818 1347 3900 sempiternam
1363 3817 1467 3883 obliui-

344 3943 437 3988 onem
463 3921 649 3990 concidisse.
675 3923 829 3992 Vestram
857 3947 933 3990 vero
952 3925 1169 4006 serenitatem,
1185 3945 1281 4007 quem
1297 3933 1408 4008 gentes
1423 3947 1468 3989 es·
1522 3885 1525 4004 i

344 4037 456 4096 ternae
488 4029 679 4098 Alexandro
704 4055 831 4118 magno,
857 4031 1010 4117 Scipioni,
1035 4032 1175 4097 Herculi
1201 4033 1419 4117 conferebant,
1441 4039 1469 4096 et
1523 4021 1525 4122 i

345 4139 396 4204 eui
423 4144 550 4206 statuas
566 4141 736 4224 erigendas
752 4143 903 4207 nonnulis
920 4141 1007 4208 orbis
1022 4147 1130 4208 terrae
1145 4141 1180 4206 in
1195 4141 1354 4226 partibus,
1371 4143 1469 4207 decre-

345 4251 412 4312 tum
424 4255 504 4332 erat,
515 4269 610 4332 quern
628 4251 726 4317 etiam
743 4251 777 4315 in
793 4251 947 4316 extremis
962 4251 1161 4334 reipublicae
1187 4250 1383 4316 christianae
1398 4257 1468 4316 tem·

344 4355 526 4438 [trinitatibus
552 4357 690 4424 coelitus
715 4357 889 4423 demissum
915 4356 1038 4424 Christi
1064 4359 1203 4424 nominis
1228 4358 1468 4424 contraTureas

344 4471 617 4548 propugnatorem
652 4465 840 4550 laudabant,
866 4489 905 4530 ex
931 4469 1031 4532 tantis
1056 4466 1180 4552 opibus,
1206 4466 1319 4550 gloria,
1345 4466 1468 4550 diuitijs,

344 4569 511 4655 dignitate,
527 4573 708 4657 splendore,
733 4595 846 4656 regum
863 4579 897 4638 et
912 4576 1094 4658 principum
1118 4576 1283 4658 societate,
1309 4574 1403 4640 thoro
1419 4575 1468 4640 ini-

344 4679 468 4764 periaii,
484 4687 599 4765 sponte
618 4683 784 4764 excidisse,
810 4683 883 4766 quis
908 4703 971 4747 non
997 4684 1240 4748 lamentaretur.
1260 4679 1352 4765 Quae
1368 4681 1468 4748 onmis
