3062 5414
295 1419 580 1521 ronirrrrsr
601 1415 654 1520 ns
676 1405 968 1520 inoiiirror.

612 1616 640 1683 I.

495 1747 588 1808 1601.
606 1743 762 1828 elejdn.

68 1919 103 1969 A:
118 1918 217 1986 erdelyi
229 1917 414 1987 oraezeqyyolo
429 1915 576 1970 toi-ereinek
591 1915 700 1986 Itrulols
715 1915 822 1968 cadeudo·
847 1915 908 1968 elta
924 1915 1065 1968 elmmulott
1080 1915 1190 1970 tenuo.

168 2049 288 2134 Capita
304 2051 476 2134 legationis
492 2049 642 2114 ordinum
659 2055 693 2114 et
708 2053 851 2114 statuum
862 2047 1191 2114 Trrinsiluauieorum.

167 2157 399 2244 Superioribus
416 2161 517 2242 annis,
543 2159 769 2240 augustissime
785 2163 884 2241 atque
907 2157 1118 2222 inuictissime
1134 2159 1191 2222 im·

67 2273 202 2350 perator,
220 2267 349 2331 domine
365 2265 460 2332 nobis
486 2265 743 2347 clementissime,
764 2287 836 2330 cum
853 2267 1071 2330 sacratissima
1087 2265 1132 2330 M.
1150 2266 1192 2342 V.

68 2395 121 2456 per
137 2377 374 2441 commissarios
400 2397 509 2440 curam
534 2375 630 2439 huius
655 2373 842 2459 prouinciae
859 2373 1111 2458 administraret,
1128 2397 1191 2438 mc·

66 2483 190 2548 misisse
207 2491 316 2568 potest
332 2484 572 2548 serenissimum
588 2483 768 2566 principem
795 2487 828 2544 et
844 2479 1009 2546 dominum
1025 2483 1190 2548 dominnm

67 2588 321 2656 dtaxiniilianum
347 2591 553 2656 archiducem
578 2592 746 2656 missuma
771 2590 990 2655 sacratissima
1015 2589 1190 2656 Maiestate

65 2696 179 2764 Vestra
188 2699 296 2782 fuisse,
313 2707 350 2764 ut
365 2701 434 2764 eius
450 2701 585 2784 imperio
611 2699 692 2764 haec
710 2697 889 2782 prouincia.
896 2697 1188 2766 administraretur.

67 2807 152 2872 Idem
168 2831 255 2874 nunc
272 2831 400 2894 quoque
417 2809 636 2894 supplicitera
653 2827 746 2871 sacra
760 2805 806 2870 M.
824 2805 864 2876 V.
881 2807 1029 2890 petimus,
1046 2815 1083 2872 ut
1099 2831 1189 2872 suam

1 2921 2 2924 ’
66 2917 267 2981 serenitatem
284 2917 327 2982 ad
340 2916 583 3000 gubernandam
602 2913 687 2980 hauc
712 2915 912 2997 prouinciam
932 2915 1060 2980 mittere
1080 2915 1189 2997 ‹ligne-

66 3031 123 3106 tm,
139 3027 190 3088 cui
216 3047 310 3090 sacra
335 3025 382 3090 M.
407 3025 448 3093 V.
464 3027 595 3110 plenam
615 3029 648 3088 et
672 3021 855 3087 absolutam
872 3022 995 3087 tribuat
1011 3023 1189 3088 authorita-

1 3119 2 3190 ἦ
65 3139 134 3198 tem.
151 3133 192 3198 In
209 3135 522 3200 administrationem
540 3156 638 3220 porro
661 3133 848 3217 prouinciae
867 3129 1019 3215 Virgaros
1035 3133 1191 3199 attribuat

66 3242 271 3324 consiliarios
287 3245 411 3308 arcium
427 3243 617 3328 praefectos,
629 3242 816 3324 capitaneos
833 3239 941 3303 etalio
958 3241 1106 3324 quolibet
1122 3241 1189 3306 offi-

1 3395 2 3442 1
65 3347 110 3410 cio
126 3349 296 3431 fungentes
312 3351 433 3416 habeat
448 3348 609 3434 Vagam,
619 3349 770 3414 mititiam
787 3369 915 3432 quoquc
931 3371 990 3433 pro
1004 3349 1189 3415 defensione

1 3489 2 3544 3
64 3458 246 3536 prouinciae
273 3479 311 3522 ex
337 3457 504 3542 Vngarioa
535 3463 631 3540 gente
662 3457 781 3522 lectam
813 3456 890 3538 alat,
915 3457 962 3522 ita
988 3458 1085 3522 etiam
1111 3459 1188 3522 sistis

66 3583 202 3630 cameras
219 3567 398 3632 tricesimas
423 3587 462 3631 ac
487 3567 552 3632 alia
568 3567 700 3649 quaevis
716 3566 796 3648 loca,
818 3565 903 3630 nude
920 3565 1042 3630 reditus
1058 3569 1188 3649 prouin-

1 3675 2 3722 1
66 3672 129 3736 ciac
144 3675 266 3758 sperari
285 3681 429 3758 possunt,
445 3697 504 3759 per
521 3673 674 3758 Vngaros
691 3671 847 3738 officiales
867 3675 1021 3758 patricios
1037 3675 1187 3738 nimirum

66 3775 293 3846 Transiluanos
308 3782 524 3865 administret,
541 3781 811 3868 quomadmodum
828 3783 861 3846 in
872 3783 944 3866 alijs
961 3804 1088 3867 quoqne
1106 3781 1188 3847 clui-

1 3877 2 3883 '
66 3888 172 3952 stiauis
187 3890 366 3973 prouincija
383 3913 451 3955 mos
468 3891 527 3954 iste
550 3889 812 3974 consuetudoque
829 3889 1031 3956 obseruator.
1048 3889 1144 3974 Quod
1161 3893 1187 3955 si

66 3999 195 4080 sapienti
213 4021 295 4063 sacr.
311 3997 357 4063 M.
374 3997 415 4066 V.
442 3999 576 4064 consilio
603 3999 700 4063 certis
717 4021 756 4063 ex
773 4001 878 4064 causis
894 3999 1055 4065 diversum
1071 4001 1188 4084 prolia·

65 4111 158 4188 retur,
171 4127 276 4189 aeque
293 4105 531 4171 serenissimum
549 4105 756 4171 archiducem
767 4108 960 4172 mittendum
978 4111 1188 4189 existimaret,

65 4210 96 4275 id
111 4213 193 4294 quod
209 4236 229 4278 a
245 4215 393 4299 pristinis
419 4214 620 4299 temporibus
637 4215 845 4282 obseruatum
861 4215 931 4300 tuit,
949 4223 1106 4301 quantum
1122 4239 1187 4282 me-

1 4341 2 4406 4
67 4321 161 4386 moria
177 4323 347 4407 complecti
374 4345 552 4408 possumus,
579 4323 849 4410 quemadmodum
867 4347 905 4390 ex
925 4327 1069 4410 antiquis
1085 4327 1187 4410 diplo-

1 4475 2 4520 5
66 4435 180 4493 matum
196 4427 463 4514 inscriptionibus
480 4438 514 4496 ct
529 4430 650 4498 tabulis
666 4441 812 4517 apparet,
828 4439 998 4519 postquam
1016 4433 1098 4500 haec
1114 4457 1186 4518 pro-

1 4541 2 4634 j
66 4536 167 4601 uincta
182 4559 320 4603 coronae
352 4537 538 4621 Vagaricae
565 4539 774 4626 incorporata
792 4541 861 4623 fuit,
878 4563 1004 4626 sempor
1020 4564 1060 4606 ex
1076 4541 1187 4626 Vaga-

1 4649 2 4652 ’
66 4643 131 4708 rica
146 4655 238 4728 geute
266 4647 399 4730 electos,
425 4649 660 4733 utplurimum
686 4656 796 4715 autem
820 4652 946 4734 patriae
972 4651 1059 4716 ciues
1075 4673 1186 4718 secun·
