3100 5420
500 455 592 530 1607.
608 461 704 510 ulacz.
722 449 772 510 30.

587 751 680 819 LIV.

462 885 556 946 1607.
581 884 733 946 marca.
756 886 807 946 30.

128 1034 238 1104 Mutyce
255 1036 397 1106 siherczcg
421 1036 607 1105 Rdlcdczynalr,
617 1036 745 1104 selhhp'o,
761 1037 862 1105 loppa
878 1037 939 1092 bete
948 1035 1141 1107 serstortdsdro

569 1127 697 1195 aweljen.

171 1241 318 1308 Mathias
343 1244 394 1308 dei
414 1245 521 1328 gratia
536 1243 693 1309 archidux
710 1239 876 1326 Austriae,
907 1244 973 1309 dux
989 1244 1200 1330 Burgundiae

74 1358 127 1416 etc
143 1374 249 1418 comes
266 1352 388 1418 Tirolis
404 1360 464 1418 etc.

171 1459 347 1543 Magnifice
373 1462 497 1525 sincere
522 1460 617 1549 nobis
642 1461 767 1527 dilecte.
797 1460 1026 1526 Intelleximus
1051 1462 1199 1544 benigne,

1 1635 2 1638 ,
75 1589 150 1651 quae
176 1569 269 1635 nobis
294 1570 334 1635 de
359 1576 448 1635 statu
474 1569 728 1653 Transilvaniae,
744 1568 1025 1655 permagnificum
1041 1569 1200 1635 Thomam

74 1674 177 1761 Zachy
201 1676 418 1762 haudpridem
443 1679 637 1743 verbotenus
662 1678 836 1762 significari
867 1679 997 1743 curasti.
1017 1677 1087 1744 Nos
1112 1679 1224 1761 equi·‘

1 1829 3 1875 ἰ
77 1783 141 1848 dem
166 1786 298 1849 minime
324 1784 519 1868 dubitamus,
536 1787 614 1870 quin
631 1787 664 1850 in
681 1787 819 1870 antiqua
839 1793 897 1852 tua
913 1784 976 1851 fide
993 1793 1026 1852 et
1041 1785 1201 1852 fidelitate

1 1964 3 1972 Ι
75 1913 144 1974 erga
168 1914 294 1959 sacram
320 1915 504 1960 caesaream
529 1896 717 1980 regiamque
742 1896 952 1961 Maiestatem
978 1896 1142 1961 dominum
1168 1902 1201 1961 et

74 1998 200 2065 fratrem
235 2008 384 2068 nostrum
409 2003 655 2086 observandum,
691 2025 790 2087 quam
819 2003 983 2087 plerisque
1008 2005 1108 2068 etiam
1133 2005 1200 2069 tuis

1 2189 2 2200 ἵ
75 2109 194 2192 scriptis
212 2109 371 2177 hactenus
391 2116 593 2177 contestatus
613 2110 713 2195 fuisti,
729 2112 854 2177 sincere
870 2132 909 2176 ao
925 2112 1058 2177 realiter
1075 2112 1118 2176 sis
1129 2133 1200 2196 per·

1 2234 3 2278 ῑ
75 2239 245 2302 mansurus,
261 2226 360 2304 atque
376 2242 412 2285 re
429 2221 499 2306 ipsa
510 2220 744 2303 declaraturus,
757 2220 817 2286 tibi
833 2219 915 2285 nihil
932 2242 1076 2303 unquam
1093 2220 1199 2285 carius

75 2327 119 2390 rel
142 2329 305 2412 antiquius
320 2329 429 2412 fuisse,
445 2352 542 2414 quam
562 2328 698 2394 eandem
718 2328 866 2393 illaesam
882 2328 1108 2413 illibatamque
1125 2351 1199 2393 con-

76 2457 202 2519 servare,
228 2443 261 2501 et
285 2439 476 2522 postpositis
496 2436 645 2503 omnibus
660 2437 796 2520 privatis
822 2436 888 2501 tuis
905 2436 1081 2502 commodis
1099 2443 1131 2502 ct
1147 2438 1196 2503 in-

76 2544 250 2627 commodis,
268 2546 394 2629 patriae
411 2546 515 2611 solum
531 2546 625 2610 istius
651 2542 795 2611 afflictae
815 2545 954 2610 salutem
973 2549 1006 2610 et
1021 2547 1199 2629 permansi·

1 2670 3 2713 f
77 2676 161 2719 onem
185 2656 279 2721 unice
304 2661 461 2740 spectare.
487 2654 582 2740 Quod
611 2660 648 2720 ut
679 2656 891 2739 imposterum
923 2677 1052 2740 quoque
1090 2654 1199 2737 facias,

76 2769 166 2845 atque
176 2770 307 2828 nostrae
316 2762 476 2845 benignae
492 2763 561 2847 jam
572 2762 711 2829 antehac
727 2762 833 2829 factae
850 2763 1085 2829 cohortationis
1102 2769 1135 2827 et
1150 2784 1198 2827 re-

1 2856 3 2861 ’
78 2873 251 2953 quisitionis
260 2894 391 2955 memor,
402 2872 569 2957 praefatae
580 2894 657 2938 suae
668 2894 838 2939 caesareae
850 2896 889 2938 ac
898 2874 1007 2956 regiae
1017 2871 1135 2937 Mattis
1144 2872 1198 2937 be-

1 3005 4 3024 τ
77 2981 182 3062 nigrae
192 2981 363 3064 voluntati,
380 2981 472 3066 cujus
482 2982 638 3047 resolutio
648 2983 682 3047 in
702 2983 770 3047 dies
780 2987 993 3066 exspectatur,
1012 2987 1044 3046 te
1062 2981 1198 3046 demisse

1 3127 3 3179 ζ
76 3089 262 3173 accomodes,
274 3089 473 3173 eandemque
484 3091 648 3174 patienter
665 3097 841 3174 exspectes,
859 3091 976 3155 iterum
994 3095 1025 3154 te
1041 3090 1129 3155 hisce
1145 3089 1198 3154 he·

76 3197 340 3279 nignehortamur
356 3200 611 3283 etrequirimus3
629 3201 836 3284 singulariter
845 3222 921 3265 vero
931 3201 965 3265 in
976 3223 1013 3265 eo
1024 3200 1198 3282 diligenter

1 3324 3 3327 ’
76 3304 249 3371 incumbere
266 3307 355 3389 velis,
370 3329 412 3372 ne
430 3309 504 3372 nori
521 3313 627 3373 motus
645 3314 678 3373 et
694 3307 869 3373 seditiones
889 3305 987 3372 isthic
1002 3308 1035 3371 in
1053 3305 1198 3371 Transit·

76 3413 161 3477 rania
175 3414 224 3478 vel
240 3413 424 3498 Hungaria,
440 3437 500 3499 per
515 3436 599 3498 quae
616 3437 680 3499 pax
697 3415 761 3481 ista
771 3415 902 3498 publica
917 3415 1021 3479 multo
1039 3415 1197 3497 sanguine

77 3519 181 3586 sudore
192 3529 224 3587 et
234 3522 347 3587 labore
364 3528 470 3606 pacta,
486 3521 581 3586 facile
598 3523 734 3605 turbari,
751 3529 808 3587 aut
824 3523 938 3587 violari
954 3528 1071 3606 posset,
1088 3544 1197 3606 aquo·

1 3649 2 3652 ’
78 3648 163 3708 quam
193 3632 423 3712 exuscitentur,
438 3636 536 3714 prout
551 3631 692 3715 idipsum
708 3652 836 3715 quoque
850 3631 947 3714 juxta
963 3630 1050 3694 hisce
1067 3630 1198 3714 adjecta

1 3728 2 3758 ³
77 3733 230 3804 literarum
256 3746 440 3805 nostrarum
466 3740 560 3823 paria
584 3739 761 3808 Valentino
780 3737 978 3823 Homonnay
995 3744 1028 3803 et
1045 3736 1196 3804 Gabrieli

1 3860 3 3887 ³
80 3839 201 3912 Bathori
227 3847 368 3913 antehac
383 3870 403 3912 a
418 3849 511 3913 nobis
527 3849 743 3932 perscriptum
760 3853 817 3913 est.
834 3848 886 3913 De
903 3854 1031 3912 caetero
1048 3847 1108 3911 tibi
1125 3869 1197 3931 gra·

79 3953 118 4018 tia
139 3961 169 4020 et
193 3956 397 4041 benignitate
423 3963 536 4022 nostra
552 3957 634 4022 bene
654 3959 806 4042 propensi
823 3979 940 4023 sumus.
957 3957 1081 4022 Datum
1098 3956 1197 4026 Vien-

78 4082 128 4127 nae
143 4069 191 4129 30.
208 4065 260 4129 die
275 4065 393 4130 mensis
409 4063 533 4130 Martii.
550 4061 650 4132 Anno
670 4070 765 4131 1607.

171 4172 333 4239 Matthias
782 4172 821 4239 F.
841 4171 937 4258 Nagy
953 4170 1089 4259 Mihsly.

170 4309 291 4363 Kitlczr'm
301 4328 311 4362 .·
326 4306 480 4381 Magnifice
492 4308 673 4380 Sigismundo
692 4309 828 4381 Rakocny
839 4309 875 4363 dc
890 4308 1084 4377 Fcladwadaz,
1101 4308 1197 4362 comiti

1 4388 3 4413 '
77 4397 210 4453 comitatus
236 4398 433 4455 Borsodiensis
459 4418 492 4454 ac
508 4419 605 4456 sacrae
622 4418 772 4457 caesareae
788 4400 940 4471 regiaeque
958 4399 1116 4472 majestatis
1133 4416 1198 4454 con·

4 4559 5 4563 ἵ
77 4485 178 4556 siliario,
194 4489 304 4543 sineere
320 4491 402 4545 nobis
423 4491 535 4546 dilecto.

240 4628 295 4703 (ric
312 4636 470 4691 cr·o·lch'ro''l:
487 4635 565 4692 hlihe
583 4633 693 4692 Sdndor
709 4631 742 4688 dr
758 4629 1033 4710 gyiijtemdnydbdl.)
