3062 5414
523 557 618 612 1601.
634 573 698 612 ano.
716 557 744 613 4.
1156 551 1198 610 99

77 729 190 811 niensis,
205 736 238 792 et
261 729 403 811 partium
422 727 552 792 illarum
577 725 828 811 depopulatione
844 728 886 794 ad
912 727 1036 792 'Furcas
1052 728 1198 810 scriptas,

77 835 234 902 Maiestati
259 836 300 904 V.
317 835 348 903 S.
373 834 462 901 hisce
479 837 722 901 transmiseram
748 834 869 918 diebus,
886 859 969 920 quae
994 859 1037 902 an
1052 836 1199 902 redditae

76 946 133 1009 sint
148 946 269 1028 ignoro.
285 945 405 1010 Latere
420 951 591 1028 praeterea
607 944 697 1009 nolui
715 943 924 1009 Maiestatem
942 943 982 1012 V.
1000 967 1078 1010 sacr.
1095 943 1198 1010 Simo-

1 1089 2 1100 .
76 1073 142 1116 nem
156 1052 327 1118 vaiuodam
343 1051 368 1116 J
370 1053 509 1117 eremias
525 1051 660 1116 fratrem
685 1051 843 1116 minorem
860 1073 876 1116 e
892 1073 992 1136 regno
1009 1074 1065 1117 sno
1082 1051 1201 1116 rfrans-

75 1160 195 1244 alpinae
222 1162 409 1246 conspirato
436 1181 548 1226 eorum
573 1165 648 1225 voto
675 1163 726 1224 24.
752 1159 865 1225 diebus
890 1161 1007 1226 veteris
1024 1161 1201 1226 calendarii

75 1268 168 1352 elapsi
183 1269 304 1334 mensis
328 1268 478 1352 proximi,
504 1267 641 1332 eiectum
667 1289 745 1350 esse,
761 1290 962 1352 regnumque
978 1268 1061 1334 illud
1076 1291 1136 1352 pro
1152 1267 1199 1334 M.

74 1375 110 1442 V.
125 1376 157 1443 S.
174 1379 369 1460 conseruari,
385 1379 494 1442 omnia
504 1376 633 1442 demum
643 1376 763 1444 bellica
774 1383 938 1442 tormenta
953 1379 987 1443 in
1005 1400 1043 1444 eo
1060 1381 1197 1444 existen·

75 1486 116 1550 tia
131 1485 170 1550 ab
187 1487 234 1550 eis
260 1485 380 1567 ablata,
405 1483 550 1550 Polonos
570 1484 699 1550 demum
726 1485 812 1550 circa
836 1483 916 1550 fines
941 1486 1082 1552 eiusdem
1107 1490 1200 1572 regni

73 1600 301 1660 commorantes
326 1595 405 1677 ipsis
430 1591 622 1658 adhaesisse.
648 1591 700 1658 De
718 1600 825 1658 cetero
850 1615 900 1658 me
926 1596 1052 1676 gratiam
1079 1604 1113 1660 et
1138 1597 1200 1662 cle·

71 1705 205 1768 mantiae
221 1702 270 1768 M.
285 1701 327 1770 V.
345 1701 376 1768 S.
393 1701 562 1766 humiliter
587 1701 785 1782 commendo,
806 1701 1005 1786 eandemque
1022 1703 1199 1770 diutissime

72 1809 198 1890 saluam,
224 1808 395 1874 florentem
422 1817 455 1874 et
481 1809 676 1874 incolumem
693 1831 731 1874 ac
748 1809 886 1874 feliciter
911 1817 1100 1891 regnantem
1118 1812 1200 1878 desi·

73 1919 152 1984 dero.
168 1957 212 1968 —
239 1917 364 1984 Datum
390 1939 430 1984 ex
455 1917 569 1982 castris
594 1917 636 1982 ad
661 1915 827 1983 Gorozlon
852 1919 967 2003 positis
992 1921 1021 1983 4.
1047 1917 1200 2002 Augusti.

71 2025 164 2094 Anno
184 2032 282 2092 1601.

171 2135 420 2204 sacratissimae
436 2133 606 2200 Maiestati
622 2133 761 2202 Vestrae
779 2157 860 2200 caes.

526 2243 727 2309 humillimus
751 2266 789 2309 ac
805 2241 910 2308 tidelis
926 2265 1038 2310 seruus

488 2427 616 2512 Mihoty
632 2427 729 2512 vojdo
747 2451 822 2490 neoc
839 2427 937 2513 cyrill
953 2425 1109 2492 bernhart.

1 2761 2 2766 ἵ
170 2677 209 2742 Ρ.
237 2675 268 2742 S.
289 2675 445 2758 Supplico
460 2673 632 2740 Maiestati
648 2673 787 2744 Vestrae
803 2698 883 2742 sacr.
900 2675 1053 2760 dignetur
1070 2677 1199 2761 condig-

70 2807 138 2850 nam
148 2787 210 2850 mei
228 2786 390 2850 rationem
405 2782 537 2866 habere,
553 2789 652 2866 atque
670 2783 842 2867 diligenter
853 2785 886 2849 in
902 2786 1089 2850 memoriam
1107 2807 1198 2852 reuo-

1 2915 2 2970 ζ
70 2915 146 2976 aare,
164 2917 218 2958 me
236 2895 301 2958 iam
318 2897 412 2957 terna
428 2893 499 2957 uice
514 2913 575 2976 pro
591 2891 812 2975 recuperando
828 2913 928 2976 regno
946 2891 1199 2978 Transylvaniae

1 3035 2 3090 4
68 3003 255 3085 sangninem
280 2999 471 3084 profudisse,
496 3005 594 3084 atque
620 3001 729 3064 omnia
754 2999 840 3064 hona
856 3001 1008 3082 amisisse,
1025 3000 1198 3066 dummodo

1 3104 2 3111 '
68 3129 174 3174 seruus
199 3109 291 3175 utilis
315 3107 362 3172 Μ.
388 3107 428 3176 V.
454 3105 485 3173 S.
505 3115 538 3172 et
555 3109 655 3173 totius
672 3107 920 3172 christianitatis
938 3130 1006 3172 esse
1022 3112 1122 3193 potui,
1139 3133 1198 3176 nec

68 3215 137 3282 dum
147 3217 190 3282 ad
200 3218 306 3282 uitam
325 3237 426 3300 usque
446 3237 551 3280 meam
572 3237 670 3298 cesso,
691 3215 913 3281 deomnimea
931 3217 1090 3281 virtuteot
1106 3217 1198 3282 indu-

1 3363 2 3390 .
68 3325 233 3408 striarem
249 3323 297 3389 M.
313 3323 354 3391 V.
371 3323 403 3390 S.
420 3331 454 3388 et
470 3324 571 3388 totius
589 3323 838 3388 christianitatis
858 3343 1048 3405 promouere
1065 3324 1199 3406 stude03

67 3453 197 3516 regnum
209 3453 286 3498 vero
297 3429 531 3514 Transalpinae
542 3453 600 3516 per
609 3428 1006 3502 Trarharosancasltotirm
1016 3431 1198 3498 desolatum

67 3541 109 3605 nil
132 3543 195 3606 nisi
222 3547 354 3624 praeter
377 3545 504 3605 montes
522 3545 554 3604 st
569 3539 686 3606 fluuios
703 3545 884 3623 supersunt,
900 3561 951 3604 me
968 3539 1077 3623 aliqua
1093 3543 1199 3622 gratia

67 3667 103 3712 ex
117 3650 233 3714 innata
249 3671 309 3714 sua
324 3648 523 3714 liberalitate
539 3651 689 3732 prosequi
707 3655 740 3713 et
756 3650 869 3712 iuuare
886 3646 1045 3730 dignetur,
1062 3647 1198 3714 habeam

1 3831 2 3834 Ἴ
67 3757 128 3824 lere
146 3759 290 3842 modum,
302 3781 366 3842 quo
383 3779 434 3822 me
445 3763 629 3822 sustentare
647 3763 679 3822 et
695 3757 754 3822 suh
771 3757 825 3822 ala
840 3755 886 3820 M.
903 3754 943 3824 V.
960 3753 992 3820 S.
1009 3778 1199 3840 permanere

67 3869 190 3948 possim.

170 4021 315 4074 Kalcar'm:
341 4017 553 4075 sacratissimae
579 4017 770 4074 Romanorum
798 4017 996 4090 imperatoriae
1021 4037 1054 4073 ac
1079 4017 1196 4076 Germa·

68 4108 134 4173 niae,
152 4109 330 4180 Hungariae,
348 4110 508 4169 Bohemiac,
527 4117 579 4164 etc.
597 4110 692 4179 rogiae
710 4107 863 4174 hlaicstati,
880 4116 933 4166 ete.
951 4109 1065 4164 domino
1081 4111 1195 4166 domiuo

69 4200 132 4254 mihi
148 4201 379 4257 clementissimo.

336 4341 491 4416 (Eradetije
507 4363 524 4399 a
541 4342 617 4398 bessi
634 4363 671 4400 es.
688 4344 753 4400 titk.
770 4343 801 4398 lt.
819 4339 926 4412 Hung.)
