3042 5404
470 494 566 554 1603.
582 500 675 552 ulans.
695 493 744 550 15.
1112 487 1176 550 229

2 691 3 698 ¹
53 673 147 751 erunt,
170 669 305 754 illisque
330 687 395 734 non
419 665 579 733 concessis
596 663 688 752 (ric).
714 665 806 732 Deus
831 665 1037 750 omnipotens
1060 685 1179 750 magna

2 819 3 830 .
53 777 221 860 ignominia
245 777 424 861 ultimoque
440 775 599 861 supplicio
624 797 744 860 poenam
770 773 811 840 ab
828 775 894 840 illis
911 775 1070 840 scelerum
1087 795 1178 859 repe-

2 970 3 980 *
54 887 127 951 tivit.
141 883 255 970 Quare
271 893 305 951 et
320 885 382 952 hoc
406 891 552 970 tempore
577 883 762 950 conveniret
786 889 825 948 ut
840 905 879 948 ex
896 881 1044 966 partibus
1060 882 1176 946 restris

2 999 3 1002 ’
54 993 208 1077 magnifici
232 995 355 1078 aliique
371 995 473 1060 totius
498 993 591 1076 regni
607 989 853 1058 Transilraniae
873 989 994 1057 domini
1014 989 1176 1076 spectabi-

55 1099 154 1186 lesque
178 1102 251 1184 viri,
275 1102 418 1169 consiliis
442 1105 541 1186 atque
567 1099 688 1166 litteris
711 1101 828 1166 restris
851 1120 917 1165 non
941 1099 1178 1182 resisterent,a

2 1207 3 1210 ’
56 1207 283 1276 Germanorum
308 1209 525 1293 grassantium
550 1207 772 1274 coniuratione
797 1208 940 1273 animum
971 1206 1177 1288 diverterent,

1 1363 3 1380 .
56 1340 112 1402 quo
125 1341 202 1385 uero
216 1317 313 1384 modo
329 1317 370 1384 ab
386 1317 593 1400 antiquitate,
609 1316 657 1381 ita
675 1321 709 1381 et
724 1337 810 1382 nune
825 1314 918 1380 illum
934 1335 974 1380 cx
990 1313 1175 1380 fortissimis

1 1417 2 1510 j
56 1427 185 1493 electum
210 1425 378 1494 vaivcdam
402 1425 666 1510 obsequerentur,
700 1425 813 1510 illique
839 1445 964 1490 summa
989 1421 1175 1490 obedientia

1 1537 2 1618 f
56 1532 144 1602 iidem
160 1533 361 1602 adhiberent.

155 1661 212 1730 Sin
228 1684 304 1729 vero
329 1663 435 1746 aliter,
459 1661 541 1728 scire
566 1661 732 1746 deberent,
757 1661 843 1746 quod
862 1661 985 1728 subditi
1001 1659 1174 1743 miserique

58 1769 100 1835 illi
115 1793 133 1836 a
149 1773 237 1854 gravi
263 1793 452 1856 summoque
477 1771 622 1836 exercitu
647 1771 676 1836 ei
693 1793 733 1836 ex
757 1771 905 1837 omnibus
930 1770 1080 1855 partibus
1096 1769 1174 1834 assi·

58 1885 148 1959 gnato
163 1885 195 1944 et
220 1879 319 1946 misso
349 1879 384 1944 in
409 1885 568 1964 perpetua
592 1879 755 1964 mancipia
779 1877 980 1964 redigantur,
1005 1883 1176 1962 totumque

1 1989 2 2058 l
58 2007 179 2069 mgnum
203 1987 288 2070 igne,
313 1985 486 2072 gladioque
511 1986 707 2053 devastetur.
732 1983 952 2072 Quamobrem
977 1983 1100 2052 subditi
1125 1991 1177 2052 tot

60 2094 151 2160 millia
167 2096 267 2160 totius
283 2095 376 2178 regni
392 2095 530 2180 pessime
546 2095 802 2180 opprimentibus
823 2092 904 2180 (sic)
922 2096 1053 2180 vitaque
1070 2091 1176 2178 depri-

60 2208 208 2287 rsrentur,
233 2201 322 2288 quod
347 2201 478 2288 quidem
503 2205 725 2288 spectaculum
755 2205 971 2271 miserrimum
997 2208 1089 2268 esset.
1114 2201 1178 2268 His

1 2313 3 2340 ³
59 2311 164 2378 litteris
179 2313 299 2378 nostris
325 2311 483 2378 caesareis
507 2315 669 2398 perceptis
694 2313 933 2398 intellectisque
959 2333 1024 2396 qua
1049 2311 1177 2376 ratione

60 2425 88 2485 st
110 2421 263 2507 quomodo
289 2422 451 2488 exercitus
478 2431 700 2508 praeparetur,
725 2423 887 2490 illustrem
912 2427 945 2489 et
970 2419 1177 2506 magnificum

60 2527 209 2598 dominum
225 2531 456 2598 cancellarium
471 2552 544 2597 cum
555 2537 635 2618 quot
651 2533 852 2598 exercituum
868 2533 969 2616 copiis
985 2537 1019 2597 et
1036 2553 1176 2614 quonam

1 2639 2 2672 l
61 2643 188 2722 tempore
205 2637 373 2707 Serenitas
383 2637 504 2708 Vestra
513 2640 645 2706 mittere
661 2641 875 2724 constituerit,
891 2661 949 2706 nos
964 2643 1001 2704 ut
1017 2659 1074 2722 per
1090 2637 1177 2704 litte·

1 2756 2 2826 l
61 2767 107 2811 ras
120 2746 309 2814 Serenitatis
319 2745 460 2816 Vestrae
480 2748 635 2814 certiores
659 2745 817 2830 fieremus,
837 2751 996 2832 optamus.
1013 2743 1177 2812 Serenita-

62 2855 265 2924 tenVestram
275 2877 373 2940 quam
383 2853 543 2922 foeliciter
553 2857 659 2922 valere
670 2856 846 2940 cupiamus.
856 2853 981 2920 Datum
992 2853 1024 2918 in
1034 2853 1109 2918 sede
1122 2875 1176 2918 no-

1 2997 2 3024 r
62 2967 120 3027 stra
142 2961 502 3048 Constantinopolitanae
534 2963 586 3030 die
622 2969 650 3030 3.
683 2964 802 3029 mensis
827 2961 965 3028 Zillrade
990 2961 1176 3046 nuncupati,

1 3088 2 3170 q
62 3065 146 3137 Anno
161 3094 233 3138 sero
248 3069 472 3138 Muhammedi
489 3071 592 3139 sancti
607 3071 787 3158 prophetae
803 3072 905 3138 nostri
924 3074 1019 3136 1011.

155 3225 283 3280 Hatra:
299 3223 496 3280 illustrissimo
521 3243 555 3280 ao
580 3225 730 3296 magnifico
746 3225 859 3282 domino
884 3223 997 3280 domino
1013 3222 1106 3294 Moysi
1123 3222 1172 3278 Ze·

64 3313 121 3382 tell,
135 3332 165 3371 ex
180 3314 302 3372 strenuis
328 3315 546 3387 fortissimisque
571 3315 713 3384 heroibus,
738 3315 828 3372 electo
848 3315 928 3386 regni
953 3313 1173 3369 Trarrsilvaniae

1 3431 2 3462 t
64 3404 184 3462 sairodae
199 3413 251 3462 etc.
268 3405 382 3462 domino
398 3423 460 3462 meo
476 3405 693 3462 clementissimo
718 3407 831 3464 litterae
856 3405 909 3460 hae
926 3405 1083 3460 tradentur.

155 3549 301 3626 (Egykord
318 3547 382 3618 irat,
398 3550 474 3622 mely
490 3567 554 3622 meg
571 3567 627 3608 van
643 3568 661 3606 a
676 3547 754 3606 bdesi
769 3567 808 3608 os.
828 3549 892 3608 titk.
909 3549 940 3608 lt.
958 3541 1066 3619 flung.)

551 3753 662 3827 XLV.

379 3905 473 3967 1603.
484 3901 572 3986 jsln.
591 3903 641 3966 ll.
658 3897 707 3986 (slj
725 3921 766 3968 ΒΖ.
784 3897 850 3987 21.)

213 4059 307 4114 Rutlrd
322 4059 406 4129 cajda
422 4058 448 4112 ts
464 4055 585 4127 bojdrr'ai
598 4056 723 4130 billurelr,
742 4055 850 4126 Saule-ely
864 4057 1012 4112 trossebot.

590 4193 629 4278 a)

64 4333 254 4406 Litterae
278 4337 426 4406 Radul
450 4338 667 4406 vaivodac
697 4337 748 4405 ad
778 4336 962 4405 Mcisem
994 4335 1174 4422 Zekoly.

153 4447 376 4516 illustrissimo
401 4447 532 4514 domino
557 4447 686 4514 domino
710 4445 819 4534 Moysi
843 4445 945 4512 Zekel
972 4447 1011 4512 de
1028 4445 1171 4514 Semian-

1 4541 2 4553 ³
65 4547 150 4637 falsa
171 4556 323 4623 vaivodae
339 4555 432 4641 regni
448 4553 701 4638 Transilvaniae,
717 4575 842 4622 necnon
860 4552 1042 4622 Siculorum
1059 4555 1170 4622 comiti

68 4663 116 4726 etc
129 4662 250 4732 domino
266 4665 369 4733 amico
385 4663 479 4732 nobis
495 4663 793 4732 observandissime
