3042 5404
507 509 604 568 15⁰2.
617 529 694 568 nm
715 511 766 568 20.
1131 511 1194 572 179

64 682 190 763 possint
212 681 325 766 aliqua
349 683 475 748 ratione
499 681 705 748 haecomnia
728 685 886 768 componi,
901 685 950 748 ita
966 692 1003 750 ut
1022 683 1192 752 Maiestati

65 787 203 854 Vestrae
226 789 309 854 nihil
334 789 529 856 detrahatur
553 797 587 855 et
611 797 662 856 tot
677 810 792 874 graves
817 799 965 876 sumptus
980 793 1013 857 in
1029 792 1194 859 meliorem

66 917 157 961 usum
172 903 380 982 reponantur.
403 897 511 982 quue
526 897 589 964 hoc
612 898 707 964 modo
732 920 790 964 nos
806 901 932 985 assequi
949 921 1044 985 posse
1058 900 1195 986 videtur,

66 1005 92 1068 si
106 1003 266 1071 Maiestas
280 1005 405 1074 Vestra
420 1007 623 1091 praeciperet
641 1005 872 1091 Transilvauis,
891 1013 929 1073 ut
944 1028 1051 1076 arcem
1066 1010 1100 1074 in
1117 1007 1194 1076 Saa-

66 1112 225 1196 rnosnjrar
248 1112 292 1177 ad
315 1111 477 1180 Varadini
501 1113 598 1196 latus,
623 1117 776 1198 retroque
806 1111 974 1198 seems,
1004 1114 1129 1182 Ktnar
1159 1125 1194 1184 et

67 1217 281 1305 Nagibaniam
305 1229 503 1304 extruerent,
527 1241 630 1306 eaque
654 1227 724 1286 tam
738 1241 858 1306 magna
887 1231 981 1307 esset,
997 1231 1034 1290 ut
1056 1225 1194 1310 recipiat

69 1328 256 1412 quingentos
280 1331 401 1396 milites
417 1327 599 1397 Germanos
615 1329 798 1415 sumptibus
814 1329 1060 1398 Transilvaniae
1076 1330 1192 1398 tributi

67 1435 133 1502 rico
146 1437 287 1521 alendos,
301 1445 497 1524 possentque
512 1445 591 1505 tunc
606 1439 751 1523 reliquae
770 1459 870 1522 arces,
886 1439 913 1506 si
929 1437 1012 1506 tales
1026 1439 1192 1506 nominau-

69 1541 127 1607 dae
141 1546 211 1628 sint,
226 1546 306 1631 ipsis
330 1545 557 1614 dransiluams
582 1545 725 1628 concedi,
750 1547 835 1613 siout
850 1553 883 1612 et
899 1547 1008 1614 omnia
1022 1547 1193 1632 privilegia

69 1656 101 1715 ct
115 1651 280 1720 libertates
295 1651 466 1736 retinendi,
475 1653 526 1718 rel
536 1654 635 1720 etiam
651 1653 796 1720 solvendi
811 1654 873 1739 ipsi
887 1653 1015 1720 Turcae
1024 1651 1195 1738 tributum,

69 1767 226 1827 reservato
249 1767 361 1828 tamen
384 1760 555 1828 Maiestati
580 1759 721 1830 Vestrae
745 1761 814 1827 vice
829 1761 1034 1829 obedientiae
1049 1761 1119 1828 inre
1135 1783 1193 1829 seu

69 1873 105 1932 nt
119 1875 230 1936 vocant
253 1870 428 1954 regalitate
444 1868 584 1936 cudendi
599 1875 764 1934 monetam
778 1867 967 1936 Maiestatis
981 1867 1121 1938 Vestrae
1136 1891 1192 1936 no·

71 1975 149 2042 ruine
162 1982 219 2043 aut
243 1977 420 2062 quicquam
443 1975 534 2044 aliud
558 1975 708 2042 faciendi.
733 1973 846 2062 Atque
877 1978 925 2043 ita
941 1981 1011 2042 tum
1027 1975 1187 2044 Maiestas

71 2080 182 2149 Vestra
196 2083 392 2150 liberaretur
407 2083 450 2150 ab
465 2083 553 2152 omni
569 2104 665 2152 onere
680 2083 764 2152 hauc
773 2085 973 2170 provinciam
989 2082 1189 2168 defendendi,

72 2211 137 2256 eum
152 2191 212 2260 hac
226 2192 442 2258 munitissima
457 2213 532 2258 arce
548 2193 581 2258 in
597 2191 676 2277 ipsis
691 2192 875 2278 provinciae
890 2191 1066 2258 decoribus
1082 2199 1192 2258 erecta

72 2299 129 2363 iam
152 2306 320 2384 cogeretur
343 2321 509 2386 nunquam
534 2321 555 2364 a
577 2297 755 2367 Maiestate
772 2299 894 2370 Vestra
913 2297 1058 2366 deficere
1073 2297 1189 2385 Neque

1 2415 2 2421 ’
72 2405 238 2474 timendum
263 2414 321 2492 est,
352 2429 447 2494 posse
472 2428 506 2474 se
530 2407 707 2494 aliquando
732 2407 966 2475 Transilvaucs
990 2407 1053 2475 hoc
1077 2406 1189 2474 lroeno

72 2515 238 2598 explicare:
255 2535 330 2582 cnm
344 2517 485 2602 propriis
501 2513 622 2582 viribus
632 2515 734 2582 talem
749 2535 858 2582 arcem
872 2513 1006 2601 aggredi
1022 2535 1188 2601 nunquam

72 2623 199 2707 valeant,
223 2629 383 2708 extraque
408 2644 535 2690 omnem
559 2623 721 2690 rationem
737 2630 839 2707 ‘esset
855 2623 885 2688 si
910 2627 984 2710 post
999 2623 1189 2690 restitutam

72 2729 140 2814 ipsis
153 2731 340 2799 libertatem
365 2739 398 2799 et
422 2732 585 2799 sublatam
608 2733 750 2800 militum
773 2732 955 2800 molestiam
980 2731 1122 2800 Turnum
1146 2731 1189 2800 ad

1 2925 2 2938 χ
74 2837 157 2906 huius
171 2843 258 2908 arcis
273 2841 479 2927 adeptionem
494 2841 528 2907 iu
552 2841 697 2927 ipsorum
712 2841 869 2908 auxilium
884 2841 1099 2926 advocarent3
1115 2863 1189 2908 cum

1 2953 2 3023 ᾖ
72 2949 231 3035 praecipue
246 2951 361 3018 timere
376 2951 428 3034 sit,
443 2971 484 3016 ne
499 2957 574 3036 post
588 2951 690 3035 ipsius
715 2951 986 3035 expuguationem
1003 2949 1112 3016 [limes
1127 2947 1188 3014 sibi

1 3060 2 3067 ’
74 3055 140 3120 velit
154 3077 224 3122 eam
249 3058 397 3140 retinere,
421 3057 507 3124 siout
530 3057 563 3122 in
579 3057 653 3122 aliis
668 3077 702 3122 se
726 3057 836 3142 gessit,
852 3063 885 3122 et
900 3055 997 3122 Buda
1012 3055 1055 3122 ab
1070 3054 1188 3123 obsidi-

1 3150 2 3154 ’
73 3181 124 3226 one
136 3185 192 3247 per
216 3163 438 3232 solimannum
462 3163 603 3230 liberata
626 3162 721 3230 valde
736 3163 948 3232 domesticum
973 3165 1052 3249 ipsis
1067 3169 1117 3230 est
1133 3164 1188 3230 do·

1 3255 3 3340 ἷ
73 3277 251 3338 rumentum.
268 3311 312 3320 -
327 3271 495 3342 Valachus
511 3277 621 3338 autem
644 3277 756 3358 posset
770 3272 882 3356 aliquo
897 3270 1188 3339 confoederationis

73 3378 194 3465 merulo,
208 3387 308 3466 prout
322 3381 438 3446 melius
447 3379 617 3446 Maiestati
634 3377 774 3447 Vestrae
789 3379 919 3446 licuerit
934 3376 1097 3462 devinciri,
1114 3402 1186 3446 cum

1 3542 2 3549 ,
76 3483 301 3574 lransylvauis,
326 3508 429 3572 eoque
454 3485 549 3554 modo
564 3495 697 3572 possent
713 3487 872 3571 coniungi,
888 3493 926 3552 ut
940 3509 1024 3554 unus
1040 3488 1137 3554 alteri
1152 3489 1186 3553 in

1 3651 2 3657 ,
74 3587 241 3662 Maiestatis
275 3594 415 3665 Vestrae
449 3595 617 3660 servitium
641 3602 727 3662 esset
756 3593 868 3662 froeno
895 3601 928 3660 et
952 3595 1086 3660 tutelae.
1111 3593 1186 3659 Hoc

1 3721 3 3800 q
73 3699 152 3766 nodo
166 3703 292 3788 antiqui
314 3703 364 3768 illi
389 3721 535 3769 caesares
551 3709 620 3769 tam
638 3701 810 3788 diligentes
833 3701 986 3788 propriae
1017 3701 1182 3766 existima·

1 3833 2 3899 3
74 3805 155 3874 tionis
169 3816 202 3875 et
216 3809 355 3876 nominis
379 3807 521 3875 artifices
546 3815 580 3874 et
603 3807 746 3876 vindices
772 3815 805 3876 et
820 3831 885 3875 uon
901 3809 1006 3875 solum
1021 3807 1120 3894 primi
1134 3807 1185 3874 illi

74 3917 249 3982 monarchae
274 3913 474 3983 Octavianus
499 3923 533 3982 et
549 3913 699 3982 Tiberius
718 3937 753 3982 sc
778 3923 957 4002 gesserunt,
973 3916 1079 4001 etqui
1095 3913 1184 3980 dein-

1 4017 2 4108 }
74 4041 136 4104 ceps
150 4023 198 4090 his
213 4025 361 4110 proxime
375 4029 616 4091 successerunt:
641 4022 697 4089 sed
713 4024 813 4089 etiam
828 4024 861 4106 ii,
877 4024 933 4108 qui
948 4022 1046 4107 longa
1061 4031 1186 4108 tempo·

1 4115 2 4190 ?
73 4148 131 4193 rum
153 4131 232 4197 serie
257 4131 393 4216 imperio
418 4138 488 4196 tum
513 4129 691 4196 occidentis
716 4135 787 4197 tum
812 4131 912 4196 etiam
936 4129 1072 4196 orientis
1088 4131 1185 4216 potiti

1 4297 2 4314 q
73 4243 141 4320 sunt,
156 4260 226 4304 eum
243 4239 349 4304 multa
364 4259 465 4322 regua
492 4245 525 4304 et
549 4237 753 4322 principatus
769 4237 988 4322 subiecisseut‚
1002 4238 1186 4321 imperium·

72 4365 121 4426 que
142 4345 325 4412 Romanum
350 4346 447 4430 longo
471 4345 604 4430 lateque
619 4345 655 4411 iu
679 4351 808 4412 exteras
823 4347 974 4412 nationes
989 4345 1184 4429 easdemque

1 4509 2 4533 ,
73 4447 212 4520 barbaras
236 4455 432 4520 dilatassent
456 4459 490 4518 et
515 4473 625 4520 aarum
640 4453 769 4537 iugenio
794 4460 828 4519 et
842 4453 1053 4520 instabilitati
1068 4473 1184 4536 parum

72 4553 198 4644 fiderent,
214 4569 375 4646 aptasque
390 4562 499 4645 potius
515 4570 728 4644 agnoscerent
738 4561 781 4626 ad
799 4561 927 4645 imperii
942 4559 1084 4626 Romani
1099 4559 1183 4624 vires

1 4691 2 4699 ¹
72 4668 177 4752 maguis
200 4667 372 4756 praesidiis
396 4667 632 4752 distrahendas,
656 4668 797 4754 propriis
814 4666 951 4734 dominis
966 4665 1183 4731 restituerunt

1 4775 2 4786 ¹
1025 4772 1075 4826 aa*
