3062 5414
328 476 390 538 122
581 535 584 540 ,
703 491 822 538 nannum
838 491 1091 542 osszlsoriicrsns.

325 655 419 721 nobis
444 657 615 741 praeclara
639 657 701 722 hac
726 658 896 722 occasione
921 657 1063 740 probare
1087 679 1212 742 perges.
1231 657 1303 724 Nos
1318 658 1445 724 vicissim

325 786 397 829 eam
421 766 469 830 tui
488 766 648 830 rationem
663 765 809 832 habituri
825 787 944 850 sumus,
959 771 997 830 ut
1013 771 1046 831 et
1061 769 1241 850 praeterita
1256 773 1290 832 et
1305 789 1443 852 praesen·

325 873 372 938 tia
397 879 455 939 tua
480 875 595 938 merita
611 896 695 957 quae
711 874 746 938 in
762 875 823 939 hec
839 876 924 939 tanti
940 877 1097 942 momenti
1111 897 1146 940 re
1163 877 1381 942 cumulaturus
1396 876 1443 954 sia

325 981 482 1066 singulari
492 1003 551 1047 nos
561 981 774 1048 beneficentia
790 987 823 1047 et
838 984 954 1066 gratia,
965 987 1073 1066 quate
1090 985 1333 1068 amplectimur,
1344 1005 1446 1068 agnos·

328 1111 400 1154 cere
417 1091 547 1155 sentias.
563 1089 689 1154 Datum
704 1089 833 1174 Pragee
850 1095 877 1155 6.
894 1089 920 1156 J
921 1091 990 1155 unii
1007 1113 1092 1157 anno
1111 1096 1204 1155 1602.

434 1225 474 1278 Aa
493 1227 546 1278 irat
562 1226 637 1278 alos:
652 1215 757 1281 Paulo
774 1215 879 1301 Niary
895 1216 934 1280 de
951 1217 1047 1282 rebus
1064 1216 1326 1284 Transilvanicis.

530 1347 775 1422 (Fogslmazvtny
792 1369 809 1404 a
826 1347 902 1404 becci
919 1367 957 1406 cs.
974 1348 1003 1404 es
1020 1351 1047 1407 k.
1065 1349 1113 1407 all.
1130 1347 1265 1420 lter-ban.)

857 1518 943 1586 XX.

764 1671 858 1731 reos.
870 1667 884 1751 j
896 1670 959 1732 nn.
976 1671 1040 1730 aa·

531 1821 619 1873 Brinta
638 1821 739 1889 ηέήάιιῃ
759 1820 860 1888 crdelyr'
875 1821 961 1872 rra-nuk
977 1821 1189 1874 mosterletleuulet
1204 1822 1249 1874 od.

432 1953 503 2019 Nos
528 1953 690 2037 Georgius
715 1953 819 2020 Basta
844 1955 993 2020 dominus
1018 1956 1053 2020 in
1077 1953 1158 2038 Sult
1186 1976 1285 2038 eques
1310 1961 1443 2036 auratus,

322 2083 402 2125 sacr.
428 2084 509 2126 caes.
534 2063 705 2146 regiaeque
732 2063 918 2145 maiestatis,
945 2069 977 2127 et
996 2062 1149 2128 catholici
1165 2064 1251 2148 regis
1276 2063 1445 2147 Hispanis-

324 2192 395 2234 rum
421 2171 624 2236 consiliarius
649 2171 793 2254 bellicus,
819 2193 857 2236 ac
882 2171 1024 2236 eiusdem
1050 2193 1073 2235 a.
1090 2193 1115 2236 c.
1141 2172 1315 2254 regiaeque
1345 2169 1446 2235 mattis

324 2279 485 2344 exercitus
512 2280 546 2344 in
579 2278 839 2344 Transilvaniam
871 2278 1013 2362 delegati
1038 2285 1071 2343 et
1094 2280 1186 2363 regni
1213 2278 1446 2344 Transilvanise

325 2387 486 2470 generalis
512 2387 703 2470 capitaneus
729 2391 788 2450 etc.
813 2385 975 2470 Bizonyos
992 2389 1026 2450 es
1042 2385 1254 2469 illszemelyek
1270 2385 1445 2469 Erdelyben

323 2494 457 2559 lakosok
489 2493 672 2580 (minthogy
698 2493 854 2558 Istennek
884 2493 1066 2578 kegyelmes
1099 2493 1325 2578 akaratjsbol,
1350 2496 1446 2578 egtsz·

324 2601 444 2684 scgben
469 2601 659 2687 indultunk)
678 2601 841 2686 kivtnjak,
857 2601 942 2686 hogy
959 2601 1202 2685 tkegyelmeket
1217 2599 1446 2680 assecuralnok‚

324 2707 491 2774 tudniillik
502 2709 639 2794 Sztkely
654 2710 792 2792 Mensae,
809 2709 915 2794 Toldy
930 2709 1052 2794 Istvan,
1068 2709 1275 2794 Miudszenty
1291 2709 1446 2787 Benedel‚

322 2816 467 2902 Barcsay
492 2815 634 2901 Andrus,
653 2817 797 2901 Bogothi
812 2817 944 2899 Miller,
961 2817 1105 2901 Szilvtsy
1121 2816 1300 2903 Boldizstr,
1317 2818 1446 2884 Torooz·

321 2927 385 3011 lay
409 2927 536 3010 Ltszlo,
561 2924 706 3010 Bogtthi
732 2925 917 3010 Menyhtrt,
935 2923 1045 3009 Vajda
1060 2926 1191 3008 Miklos‚
1208 2925 1278 2994 Vas
1294 2927 1447 2992 Ferencz:

323 3035 409 3101 noha
434 3037 551 3100 immtr
576 3035 695 3099 ezelttt
711 3033 899 3117 egynehany
913 3033 1000 3097 uttal
1015 3033 1318 3118 ktztnsegeskepen
1334 3033 1448 3100 mindo

323 3144 421 3208 nsket
454 3165 517 3228 ngy
549 3141 805 3224 assecurtltunlr,
836 3141 921 3224 hogy
953 3140 1214 3225 elegendlllrepen
1246 3141 1448 3226 tkegyelmsk

323 3251 600 3334 megnyughattak
631 3251 734 3335 rajta:
765 3248 1020 3313 mindazonaltal
1050 3253 1136 3314 most
1160 3251 1188 3314 is
1214 3250 1449 3335 okegyelmeket

323 3359 546 3443 assecuraljuk
580 3359 670 3422 mind
705 3356 956 3441 ezemelyekben
992 3357 1232 3440 tisztessegbem
1264 3359 1445 3443 azonkepen

319 3467 541 3552 joszagokban
567 3467 603 3550 is,
629 3467 662 3531 in
689 3470 847 3550 quantum
864 3485 942 3529 suae
957 3465 1135 3548 imperialis
1158 3465 1342 3550 majestatis
1364 3488 1448 3552 prae

323 3577 462 3642 tensioni
488 3577 579 3659 regni
605 3574 851 3640 Transilvaniae
876 3579 910 3638 et
934 3594 1045 3638 eorum
1066 3573 1143 3657 juri,
1170 3575 1225 3656 qui
1251 3581 1363 3658 partes
1379 3595 1453 3642 suae.

322 3686 432 3751 mattis
449 3685 550 3749 secuti
567 3688 650 3767 sunt,
661 3705 725 3748 non
742 3683 887 3767 derogat,
903 3681 1064 3747 bantasok
1079 3704 1152 3746 nem
1169 3682 1284 3765 lescen,
1301 3705 1368 3748 sem
1386 3687 1448 3748 cst·

323 3793 560 3858 szarurunktol
577 3793 784 3874 tlelsegetol
800 3813 868 3856 sem
877 3791 1047 3873 mitoliinlr,
1058 3812 1124 3855 sem
1141 3791 1239 3875 pedig
1255 3791 1449 3876 egyebelrttl.

323 3899 383 3966 sot
407 3899 630 3982 likegyelmel(
645 3899 804 3962 lovetven
820 3921 857 3963 az
873 3899 1034 3964 elkezdett
1050 3899 1172 3981 dolgot,
1189 3900 1318 3964 minden
1351 3902 1447 3965 resat-

322 4007 378 4072 b6l
409 4007 620 4088 tientesstgca
635 4005 816 4072 becstlletes
847 4007 1009 4090 tllapotot
1040 4007 1270 4072 remelhetnek.
1294 4007 1450 4074 Ebbent

322 4112 715 4198 kegyclmekbizonyosok
732 4113 883 4178 lehetnek
899 4115 1029 4179 minden
1046 4115 1201 4196 kctsegen
1216 4115 1313 4180 kivul.
1331 4116 1449 4181 Datum

322 4245 361 4287 cx
378 4221 493 4286 castris
513 4221 708 4287 caesarianis
723 4222 757 4286 in
774 4220 1033 4288 Transilvaniam
1050 4223 1216 4306 delegatis,
1233 4223 1284 4288 die
1300 4225 1449 4308 vigesimo

322 4328 464 4395 secundo
490 4329 609 4393 mensis
634 4327 737 4394 Junii.
772 4325 873 4394 Anno
909 4329 1030 4395 domiui
1056 4333 1288 4396 sexcentesimo
1313 4331 1449 4397 secundo

322 4459 421 4522 supra
436 4435 651 4502 millesimum.

1067 4527 1107 4596 G.
1125 4529 1228 4596 Basta
1244 4552 1345 4614 mpra.

492 4677 640 4752 (Ererlotp'e
656 4679 818 4750 Kolosoclrtl,
829 4679 904 4734 Miluo
922 4679 1030 4738 Sdndor
1043 4679 1292 4755 pplijlemcaydben).
