3042 5404
258 573 261 578 ,
355 511 418 570 188
730 523 848 570 sonsum
864 514 1116 574 omissurum-sus„

352 693 409 766 (ΑΖ
422 692 533 767 erdelyi
548 695 793 752 commissariusok
813 696 907 752 1603.
918 695 989 752 febr.
1007 695 1097 754 ntea
1113 697 1402 774 (ripula-Fejdrvtirrdl
1414 701 1464 758 kalt

436 782 632 862 jelcntesehea
648 784 823 844 melltkelre.
850 786 876 844 A
893 784 968 844 becci
984 789 1050 846 udr.
1066 789 1142 846 kam.
1158 789 1189 846 lt.
1206 790 1281 848 Sieb.
1296 788 1391 863 Aeta)

897 993 937 1079 d)

404 1119 563 1188 Forma
586 1122 832 1188 iuramenti
856 1121 1096 1208 raywodae
1120 1122 1419 1191 Transiluani

457 1246 531 1330 Ego
547 1245 589 1312 N.
605 1247 768 1333 waywoda
783 1247 1028 1334 Transyluanus
1038 1251 1072 1314 et
1082 1245 1266 1316 Siculorum
1276 1271 1389 1334 comes,
1398 1251 1460 1336 juro

350 1376 408 1439 per
422 1354 519 1420 deum
533 1356 648 1440 vivum,
659 1358 770 1422 eteius
786 1356 976 1441 genitricem
986 1357 1142 1440 virginem
1151 1355 1305 1442 Mariam,
1321 1365 1353 1425 et
1367 1380 1459 1425 omncs

350 1469 479 1530 sanctos
495 1484 534 1530 ao
549 1464 672 1530 eleetos
688 1463 748 1548 dei,
773 1463 861 1548 quod
886 1485 945 1549 ego
961 1463 1110 1531 omnibus
1126 1486 1236 1532 coram
1251 1487 1303 1532 me
1320 1468 1459 1534 comanti·

349 1570 409 1638 bus
424 1579 457 1638 et
473 1573 507 1638 in
523 1572 610 1638 omui
626 1573 766 1656 negotio,
776 1571 916 1657 quodmi
926 1571 1068 1638 officium
1077 1593 1185 1640 meum
1193 1574 1375 1658 pertinebit,
1391 1575 1459 1657 odio,

349 1700 469 1764 amore,
484 1679 603 1764 favore,
613 1679 738 1765 timore,
747 1699 853 1765 prece,
868 1685 902 1746 et
916 1681 1060 1764 praemio
1069 1682 1270 1766 postpositis,
1286 1680 1404 1766 absque
1417 1703 1459 1748 cu·

347 1789 446 1855 iusvis
455 1809 620 1873 personae,
632 1788 741 1854 divitis
750 1788 874 1855 scilicet
886 1793 919 1854 et
934 1789 1087 1874 pauperis
1097 1793 1245 1874 respectu
1253 1796 1377 1856 rectum
1390 1788 1457 1854 iudi·

348 1897 441 1981 cium,
456 1897 618 1962 iusticiam
643 1902 676 1962 et
692 1898 913 1964 executionem
943 1918 1003 1982 pro
1020 1917 1116 1982 posse
1131 1917 1202 1963 meo
1218 1897 1353 1965 faciam:
1374 1895 1458 1964 offici·

347 2003 687 2100 umqusraywodatus
712 2011 746 2070 et
770 2005 897 2072 comitis
923 2002 1107 2072 Siculorum
1122 2027 1181 2092 per
1196 2007 1342 2073 sereniss
1356 2006 1456 2092 princi·

347 2134 420 2198 pem
436 2112 478 2178 N.
503 2133 613 2196 regem
637 2113 804 2196 Ungariae
828 2117 888 2179 ote.
905 2112 1069 2179 dominum
1094 2113 1173 2179 mihi
1189 2115 1456 2182 clementissimum

346 2221 485 2287 durante
509 2222 577 2286 eius
601 2219 805 2306 beneplacito
830 2242 1024 2304 concessum,
1049 2222 1117 2288 eius
1141 2223 1306 2288 maiestati
1329 2222 1453 2289 fideliter

345 2329 544 2397 conservabo
567 2336 600 2395 et
625 2330 658 2394 in
675 2329 822 2397 omnibus
839 2329 882 2396 ad
906 2331 1111 2415 praedictum
1126 2328 1269 2397 officium
1284 2331 1456 2417 pertinenti·

345 2437 406 2504 bus
424 2436 565 2504 fideliter
575 2437 756 2523 procedam
766 2438 813 2504 Et
823 2439 1081 2523 quandocunque
1091 2461 1151 2505 sua
1160 2441 1314 2507 maiestas
1330 2439 1456 2506 officium

344 2567 365 2610 a
380 2566 431 2611 mo
446 2545 622 2630 repetierit,
637 2546 725 2612 omni
750 2547 926 2631 occasione,
951 2544 1154 2630 difficultate,
1170 2547 1327 2614 dilatione
1342 2547 1455 2615 semotio

345 2675 422 2720 suae
444 2653 609 2722 maiestati
625 2652 806 2739 resignabo.
822 2651 879 2722 Sic
892 2675 944 2721 me
959 2654 1039 2721 deus
1055 2653 1193 2722 adiuvet.

690 2821 728 2895 (A
743 2821 820 2882 bdesi
838 2842 877 2884 cs.
896 2825 960 2884 titk.
978 2826 1011 2883 lt.
1027 2822 1135 2900 Hung.)

861 3049 959 3118 XLI.

776 3197 1054 3282 1603.J'anutr.

624 3349 733 3420 Mopilc
747 3351 880 3406 Jeroaim
897 3351 1029 3421 trenaee
1044 3351 1187 3406 Bmmloa
1285 3432 1288 3438 ¹

446 3501 640 3587 Legatio
672 3502 989 3568 illustrissimi
1029 3501 1257 3570 Jeremiae
1289 3501 1452 3587 Mogila,

337 3609 557 3696 rajvodae
588 3607 857 3694 Moldaviae,
881 3609 933 3675 ad
955 3611 1323 3677 illustrissimum
1347 3629 1451 3696 gene

337 3719 475 3785 ralem
493 3716 1027 3804 GeorgiumBastam,per
1049 3739 1151 3785 suos
1174 3716 1333 3786 boeros
1357 3735 1452 3785 anno

339 3831 596 3912 1603,mense
616 3826 840 3913 januario.

444 3933 590 4002 Felicem
615 3955 724 4001 rerum
748 3933 988 3999 illustrissimae
1012 3931 1242 3999 dominationis
1270 3941 1394 4001 vestrae
1414 3933 1452 3997 in·
1512 4015 1513 4020 ἵ

336 4048 534 4110 crementum
551 4065 590 4110 ao
605 4062 797 4128 prosperum
821 4039 971 4108 fortunae
989 4061 1179 4125 successum,
1196 4039 1343 4108 dominus
1358 4044 1452 4106 noster
1512 4101 1513 4104 ,

334 4149 472 4237 vajvoda
481 4149 669 4218 Moldaviae
685 4155 846 4235 precatur.
862 4149 955 4218 Idem
970 4155 1140 4236 praeterea
1154 4147 1318 4214 intellexit
1333 4148 1450 4214 beneio

333 4261 400 4326 lam
423 4259 663 4327 illustrissimae
683 4257 912 4325 dominationis
927 4261 1053 4323 vestrae
1069 4277 1147 4340 erga
1162 4275 1197 4322 se
1212 4257 1313 4321 animi
1328 4273 1450 4340 propen-

334 4370 466 4454 sionem,
491 4391 590 4454 quam
615 4367 666 4434 vel
681 4367 744 4434 hoo
759 4367 830 4452 ipso
845 4365 1065 4433 illustrissima
1088 4364 1265 4431 dominatio
1290 4359 1448 4430 resuade

334 4479 480 4561 claravit,
496 4477 585 4564 quod
600 4499 666 4544 non
684 4477 733 4544 ita
748 4476 874 4561 pridem
889 4473 1023 4542 Marcus
1039 4472 1184 4559 mimda,
1200 4494 1274 4538 eum
1289 4471 1446 4538 exercitum

332 4587 367 4652 in
392 4585 653 4654 Transilvaniam
671 4590 802 4671 praeter
827 4584 946 4650 scitum
961 4588 995 4649 et
1010 4583 1210 4649 voluntatem
1224 4580 1446 4648 illustrissimae

333 4693 563 4766 dominationis
587 4699 714 4761 restrae
739 4693 964 4776 contraxisset,
983 4711 1047 4778 quo
1063 4687 1263 4756 Moldaviam
1279 4687 1446 4756 adorneur
