3218 5424
499 381 593 438 1607.
609 386 667 440 sta.
685 383 736 438 20.
1117 379 1180 440 523

49 557 119 622 Imo
136 555 223 640 quod
239 577 343 640 neque
356 557 391 621 in
401 577 536 640 regnum
552 555 744 640 Hungariac
755 555 929 622 secundum
941 557 1178 622 transactiones

48 666 249 737 Viennenses
264 665 472 748 recipiantur.

154 771 235 838 Ideo
260 773 406 838 collectis
432 771 575 857 undique
600 773 746 838 statuum
772 776 806 837 et
839 771 988 839 ordinum
1014 771 1179 857 suffragiis

48 880 125 945 itum
143 885 192 945 est
208 879 343 964 pedibus
368 881 403 945 in
429 901 500 946 eam
517 881 719 964 sententiam,
743 880 939 965 publicoque
955 880 1084 947 decreto
1101 903 1176 946 con·

49 990 179 1072 clusum,
195 989 281 1054 hunc
297 989 444 1055 ordinem
464 989 650 1075 jesuiticum
676 988 718 1055 ob
749 988 895 1073 inquieta
910 989 1053 1074 ipsorum
1070 990 1179 1056 studia

50 1119 105 1181 pro
121 1097 336 1182 tranquiliore
352 1097 552 1184 reipublicae
578 1101 676 1181 statu,
692 1118 898 1182 nequaquam
915 1119 983 1162 esse
1007 1097 1179 1165 admitten-

50 1206 132 1270 dum.
146 1204 366 1291 Caeteroquin
376 1227 451 1272 vero
461 1207 619 1273 universis
629 1213 662 1272 et
672 1207 807 1290 singulis
822 1212 890 1272 tam
907 1206 1065 1289 religiosis
1081 1227 1179 1291 quam

54 1315 250 1380 secularibus
267 1315 446 1381 catholicae
462 1315 630 1399 religionis
648 1312 817 1381 Romanae
842 1313 1045 1380 liberrimum
1061 1315 1180 1380 exorci-

52 1422 132 1488 tium
150 1444 218 1488 esse
234 1421 493 1508 relinquendum.

154 1528 374 1615 Quamobrem
405 1529 486 1598 seem
510 1531 604 1600 vtem
629 1531 808 1596 humillime
833 1529 1038 1596 obsecramus
1061 1533 1095 1594 et
1125 1530 1180 1595 ob-

51 1645 211 1723 testamur,
227 1662 268 1705 ne
284 1639 383 1705 alieni
398 1640 448 1706 vel
474 1640 579 1706 minus
600 1639 783 1724 obsequiosi
800 1639 901 1704 animi
917 1639 978 1704 hoc
993 1639 1116 1705 factum
1132 1641 1179 1704 in·

52 1752 253 1832 terpretetur,
269 1769 348 1814 neve
365 1745 570 1833 splendorem
586 1748 691 1814 almae
701 1749 790 1832 pacis
806 1751 838 1812 et
854 1747 1104 1830 tranquillitatis
1121 1770 1178 1832 pu·

52 1853 159 1938 blicae,
175 1879 240 1941 qua
256 1857 378 1923 maiore
397 1879 435 1922 ex
451 1861 546 1941 parte
562 1856 704 1942 benigna
719 1855 782 1923 sur
796 1855 876 1925 Vrae
891 1863 924 1922 et
940 1857 1089 1922 clementi
1105 1877 1177 1942 pro-

52 1962 187 2030 videntia
201 1965 268 2030 iam
286 1966 455 2030 tantillum
479 1965 641 2050 respirare
661 1965 833 2049 caepimus,
849 1965 967 2049 exigua
982 1965 1043 2030 hac
1059 1965 1178 2030 nebula

54 2069 215 2136 obfuscare
231 2073 318 2138 velit.
344 2069 430 2157 Quin
455 2095 514 2158 pro
540 2077 679 2157 paterna
695 2093 754 2138 sua
770 2071 950 2156 affectione,
967 2094 1032 2157 qua
1048 2079 1177 2156 gentem

53 2177 272 2263 Hungarioam
288 2186 321 2245 et
335 2179 419 2246 hanc
435 2179 677 2247 afflictissimam
693 2181 833 2265 patriam
849 2185 995 2246 nostram
1011 2181 1177 2264 amplecti-

54 2291 107 2369 tur,
123 2285 253 2371 efficiat,
263 2288 364 2354 uthio
380 2287 459 2354 ordo
475 2287 660 2370 intrafines,
677 2287 794 2374 quibus
805 2309 877 2353 cum
888 2309 996 2354 amore
1012 2289 1176 2372 recipitur,

54 2417 82 2459 se
97 2396 297 2480 continendo,
314 2397 456 2462 reditum
472 2397 506 2462 in
522 2395 605 2462 hanc
616 2397 817 2482 provinciam
833 2417 997 2480 nunquam
1013 2397 1176 2462 moliatur.

54 2501 112 2569 Pro
127 2527 191 2588 qua
215 2505 317 2590 ipsius
342 2511 410 2571 tam
436 2505 592 2590 singulari
617 2503 830 2570 beneficentia
845 2511 1001 2590 tanquam
1017 2510 1176 2589 perpetua

1 2619 2 2686 ξ
56 2612 243 2693 gratitudine
254 2613 495 2696 devinctissimi,
504 2613 724 2698 promittimus
734 2614 768 2678 in
779 2613 954 2679 maioribus
965 2635 1022 2678 nos
1033 2611 1081 2680 Sti
1096 2612 1176 2682 Vrec

1 2761 2 2813 ,
55 2717 139 2803 longe
155 2721 421 2804 obsequentiores
437 2742 476 2787 ao
491 2723 748 2806 promptissimos
767 2721 903 2786 futuros.
928 2721 1099 2804 Deumque
1116 2742 1176 2804 pro

57 2828 149 2894 saluto
165 2834 199 2894 et
223 2829 449 2894 incolumitate
474 2828 710 2894 ardentissimis
736 2849 862 2912 semper
895 2828 1046 2912 precibus
1062 2829 1173 2912 depre-

1 2933 2 2942 ’
58 2941 184 3002 saturos.
208 2936 334 3002 Datum
360 2935 568 3021 Claudiopoli
584 2959 623 3002 ex
639 2937 771 3022 publica
796 2937 1045 3021 congregatione
1060 2941 1173 3002 nostra

56 3042 99 3108 die
114 3049 162 3110 20.
179 3045 298 3110 mensis
313 3045 418 3130 Junij.
433 3042 532 3110 Anno
551 3047 645 3112 1607.

1 3158 2 3170 ’
151 3151 345 3220 Serenitatis
360 3152 500 3223 Vestrae

580 3261 751 3330 servitores
767 3259 1051 3345 obsequentissimi

470 3391 620 3456 proceres
639 3373 673 3436 et
695 3376 864 3454 magnates
880 3391 919 3436 ac
934 3369 1129 3436 universitas

471 3479 710 3564 regnicolarum
720 3480 819 3545 trium
829 3479 998 3544 nationum
1008 3475 1128 3542 Trans·

469 3587 697 3654 silvanensium
713 3593 746 3652 ct
763 3589 906 3672 partium
921 3585 1013 3670 regni
1031 3583 1125 3649 Hun-

725 3695 835 3780 gariae
852 3703 911 3762 etc

152 3849 291 3902 Killouta:
318 3848 502 3904 Scronissimo
527 3849 648 3922 principi
666 3850 779 3905 domino
795 3849 909 3904 domino
925 3846 1065 3905 Matthiae
1081 3845 1171 3900 archi·

57 3932 110 4074 dluci
124 3935 263 4006 Aristriao,
281 3939 464 4012 Burgundiae
480 3945 508 3996 ot
524 3939 619 3996 comiti
635 3940 750 4014 Tyrolis
766 3946 818 3996 eto.
835 3941 948 3996 domino
965 3936 1078 3995 domino
1089 3935 1171 3992 nobis

58 4038 69 4074 c
79 4027 266 4084 cmentissimo.

143 4171 296 4245 (ErcdctiJe
314 4175 332 4230 3
349 4169 486 4246 poestttel
503 4173 617 4233 lcztrva
633 4194 650 4232 a
666 4174 742 4232 bdcsi
758 4175 832 4234 kam.
849 4177 880 4234 lt.
897 4175 970 4232 sios.
988 4169 1071 4242 Urk.)
