3062 5414
326 441 390 516 lbb
692 451 811 510 sunium
827 449 1079 510 omalosrbubsnit.

317 628 560 697 niaenobilium
575 627 727 696 videlicet
742 631 776 694 et
791 626 957 694 Saxonum
967 628 1001 692 in
1017 625 1213 712 partialibus
1229 641 1343 692 eorum
1359 621 1452 691 comi·

317 738 375 824 tijs
400 737 443 804 ad
456 737 627 832 'decimum
643 737 729 802 diem
745 738 865 804 mensis
881 735 1074 838 Decembris
1090 735 1169 802 anni
1198 733 1368 834 millesimi
1383 753 1450 798 sex·

318 845 485 912 centesimi
500 845 633 912 secundi
657 845 805 929 proxime
820 845 1034 930 praeteritum
1050 866 1091 910 ex
1116 843 1224 908 edicto
1238 847 1356 908 nostro
1372 840 1449 906 cele-

316 951 421 1020 bratis
445 955 644 1039 congregati,
660 953 877 1020 exhibuerunt
887 953 981 1019 nobis
998 960 1032 1020 et
1046 954 1344 1038 praesentarerunt
1359 969 1450 1032 quos-

316 1060 391 1127 dam
419 1061 644 1147 infrascriptos
679 1063 834 1128 articulos
868 1063 902 1127 in
937 1063 1058 1128 eisdem
1081 1058 1281 1146 partialibus
1307 1057 1448 1140 comitijs

315 1170 449 1256 paribus
473 1171 617 1255 ipsorum
642 1171 729 1236 uotis
745 1175 779 1236 ct
794 1171 941 1236 unanimi
957 1191 1116 1237 consensu
1132 1169 1313 1252 conclusos,
1329 1163 1450 1251 suppli·

317 1284 429 1344 cantes
453 1276 546 1343 nobis
572 1276 738 1343 humilima
763 1283 801 1344 ut
824 1299 883 1344 nos
899 1279 1069 1345 uniuersos
1085 1286 1119 1346 et
1134 1279 1280 1362 singulos
1295 1273 1448 1342 articulos

316 1386 490 1469 omniaque
500 1389 534 1449 et
543 1385 672 1468 singula
680 1386 715 1449 in
725 1385 846 1450 eisdem
856 1391 1011 1452 contenta
1019 1392 1117 1472 ratos,
1134 1393 1255 1470 gratos,
1266 1389 1301 1450 et
1317 1386 1447 1466 accepto

315 1475 474 1558 habentes
483 1498 631 1558 nostrum
642 1514 832 1559 consensum
842 1494 909 1558 illis
919 1492 1086 1578 praebere,
1095 1493 1254 1559 beneuole
1270 1495 1446 1574 acceptare,

316 1600 507 1684 approbare,
522 1601 686 1668 ratificare
711 1607 744 1668 et
769 1601 969 1687 confirmare,
986 1607 1020 1669 et
1034 1606 1102 1668 tam
1118 1601 1256 1685 nosipsi
1273 1601 1445 1665 obseruare

244 1774 249 1784 ,
315 1731 413 1792 quam
437 1730 499 1794 per
521 1710 603 1775 alios
627 1711 798 1794 quospiam
822 1710 942 1794 ubique
958 1733 1018 1795 per
1036 1711 1192 1776 ditionem
1210 1729 1323 1774 sacrae
1341 1725 1445 1772 caesa-

314 1838 390 1882 reae
414 1818 587 1901 regiaeque
612 1817 799 1884 Maiestatis
824 1819 1152 1904 Transylvaniensem
1177 1817 1316 1883 firmiter
1339 1816 1442 1882 obser

190 1913 194 1920 Α
315 1926 384 1991 vari
394 1923 501 1991 facere
517 1924 735 2009 dignaremur.
752 1924 898 2010 Quorum
914 1927 1045 2012 quidem
1061 1928 1276 1994 articulorum
1291 1933 1386 1991 tenor
1400 1927 1444 1987 is·

315 2033 356 2098 lis
376 2038 433 2098 est

314 2159 316 2164 ’
423 2139 628 2207 Articuli
671 2142 945 2208 dominorum
978 2143 1318 2228 regnicolarum
1350 2141 1441 2207 dua·

314 2271 404 2317 rum
426 2251 659 2316 nationum
682 2251 810 2335 regni
832 2251 964 2316 buius
988 2251 1380 2336 Transsylvauiae
1401 2247 1440 2310 iu

315 2357 598 2444 partialibus
622 2379 770 2424 eorum
793 2359 996 2444 comitijs
1019 2357 1071 2424 ad
1093 2359 1209 2425 diem
1233 2357 1441 2423 decimum

314 2468 477 2531 mensis
518 2464 785 2530 Decembris
827 2463 955 2532 Anno
996 2465 1164 2532 domini
1202 2464 1440 2530 millesimo

315 2573 869 2658 sexcentesimosecuudo,
892 2574 964 2640 bic
986 2571 1132 2640 Albae
1155 2571 1314 2640 Juliae
1338 2570 1440 2638 cala

314 2682 463 2748 bratis
486 2682 702 2748 conclusi.

422 2785 474 2875 (1)
493 2787 641 2855 Minamu
653 2790 689 2874 jo
706 2789 871 2857 elrarattal
887 2791 959 2857 valo
975 2790 1199 2876 gondriselese
1214 2790 1333 2874 legyen
1346 2805 1439 2870 nagy·

315 2897 481 2982 sagodnalr
504 2897 608 2964 reank
631 2899 780 2983 orsztgul
804 2899 893 2984 ilyen
916 2921 1002 2985 nagy
1026 2900 1163 2966 romlott
1177 2895 1438 2982 allapatunlrban,

314 3006 405 3072 mind
435 3007 544 3073 anualr
569 3006 669 3071 elbtte
693 3007 767 3072 valo
792 3007 942 3091 idokben,
967 3029 983 3072 s
1007 3007 1098 3072 mind
1122 3007 1220 3092 pedig
1244 3012 1384 3089 mostau,
1405 3020 1438 3067 az

313 3112 781 3198 nagysbgodpropositiojabol
797 3115 831 3179 es
846 3113 1011 3180 kbzenkbc
1027 3115 1100 3180 valo
1116 3113 1295 3179 izenetbbbl
1311 3113 1436 3199 nyilvsn

314 3241 388 3304 meg
413 3219 574 3301 ertetti'rk3
590 3218 696 3286 bolott
707 3221 826 3306 jelenti
841 3222 1039 3308 nagystgod,
1056 3220 1141 3307 bogy
1158 3243 1193 3287 ez
1208 3220 1370 3306 ideigvalo
1386 3216 1439 3286 sok

314 3327 487 3416 romlasolr‚
496 3327 715 3413 pusztulisolr,
725 3329 782 3394 kil<
798 3351 835 3395 aa
851 3330 910 3396 solr
925 3330 1179 3397 valtozasolmalr
1193 3329 1333 3397 haborsi
1348 3329 1439 3394 miatt

314 3436 415 3504 retnk
439 3437 659 3521 kbvetkeztelr,
674 3437 927 3522 uagysa'agodnak
943 3437 1093 3523 akaratja
1109 3441 1143 3504 es
1158 3437 1261 3504 kedve
1276 3437 1363 3502 ellan
1377 3441 1438 3501 tir·

313 3547 468 3613 tentenek
493 3547 597 3614 volna.
613 3544 745 3631 Melyek
761 3545 847 3631 bogy
863 3568 898 3611 ez
914 3549 995 3611 utan
1010 3567 1083 3630 meg
1098 3545 1291 3629 satiunbnelu
1307 3543 1437 3629 nagyst·

314 3656 378 3738 god
402 3655 533 3721 minden
558 3659 638 3720 aton
663 3677 744 3723 aaon
761 3654 963 3740 igyekezven,
979 3655 1120 3721 ksvtnta
1135 3657 1232 3721 uolua
1248 3675 1284 3720 ez
1299 3649 1436 3720 mostaui

312 3765 462 3848 partialis
487 3763 786 3847 congregatiunkat,
804 3763 890 3848 hcgy
906 3765 940 3828 iu
956 3767 1102 3848 tempore
1118 3763 1249 3829 aaokrol
1265 3785 1303 3829 aa
1318 3761 1435 3828 mediu-

311 3870 437 3937 mokrol
446 3871 584 3954 sztlu'm,
593 3869 720 3954 melyelr
732 3868 775 3935 ad
784 3869 869 3936 banc
877 3893 947 3936 rem
956 3870 1187 3956 perficiendam
1203 3876 1280 3937 sunt
1297 3890 1438 3936 necessu»

311 3979 371 4062 ria,
386 3977 574 4062 nagystgod
598 3978 626 4042 is
642 3998 679 4043 az
696 3975 863 4043 hadalrozo
887 3979 1016 4064 uepnelr
1045 3977 1190 4046 fizeteset
1204 3977 1393 4064 megadvam
1407 3978 1438 4042 iu

311 4083 417 4152 officio
428 4084 694 4153 continealhatns
704 4084 788 4170 oret,
800 4088 834 4151 bs
845 4088 964 4154 tovtbb
975 4089 1048 4156 valo
1057 4089 1437 4172 kartetcltblarsrogeny

312 4200 463 4279 orazagot
501 4197 780 4282 magoltalmazna
815 4195 906 4282 Mely
930 4199 1118 4284 uagysagod
1141 4197 1286 4265 boazank
1312 4198 1385 4264 valo
1405 4195 1438 4280 jo

312 4303 476 4388 kedvecrt,
492 4305 610 4372 rolunlr
626 4305 698 4372 valo
718 4304 950 4390 szorgalmatos
966 4293 1248 4391 gondmselcsebrt
1265 4327 1302 4372 aa
1318 4306 1439 4370 bristou

311 4411 535 4497 nagysagodat
557 4412 731 4496 megaldja,
756 4414 969 4498 szereucsejet
993 4415 1121 4499 neveljc
1146 4418 1180 4480 es
1203 4413 1381 4500 bregbbtsa
1405 4430 1438 4478 aa

312 4519 1386 4608 egeszkeresztbnscgnekjovtracstsztrbselstgebirodalmtnak
1394 4521 1437 4588 ki·

311 4627 515 4719 terjedesera
539 4630 574 4694 cs
599 4649 636 4694 aa
660 4629 798 4714 szegeny
822 4630 957 4697 romlott
987 4630 1135 4698 haztnalr
1149 4629 1437 4716 megmaradasara
