3042 5404
495 565 590 622 1603.
606 572 699 622 ultus.
721 567 770 621 15.
1105 561 1168 622 227

1 783 2 824 3
53 741 80 800 et
91 733 212 817 gloriae
226 737 332 802 inoliti
356 737 448 820 regni
463 737 630 820 Polouiae,
646 737 738 803 cuius
754 736 919 802 actionum
937 736 1173 802 incrementum

1 895 2 920 ,
53 841 261 909 beatissimum
277 846 447 930 exitusque
461 845 663 912 felicissimos
679 851 758 930 opto
774 851 807 911 et
822 853 936 910 mutua
952 851 1174 930 perpetuaque

52 948 265 1020 familiaritate
280 961 394 1020 nostra
409 956 678 1038 sanctissimoque
693 953 822 1020 foedere
838 954 938 1038 digua
954 959 1031 1020 vota
1046 953 1173 1020 laudes·

52 1064 331 1146 quesempitcrnas
350 1061 458 1130 offero.

1 1262 2 1267 ἵ
147 1187 427 1274 Significationem
451 1191 637 1258 litterarum
662 1211 806 1258 mearum
835 1189 1062 1256 amicissimam
1087 1187 1174 1254 hanc

1 1304 3 1353 Γ
53 1316 117 1380 esse,
143 1297 257 1364 audita
282 1301 488 1366 concessione
521 1301 724 1386 principatus
749 1300 841 1384 regni
866 1297 1111 1364 'l'ransilvaniac
1136 1319 1175 1363 ex

54 1407 148 1487 gratia
163 1415 277 1474 nostra
302 1409 522 1474 illustrissimo
548 1415 581 1473 et
595 1407 769 1492 magnifico
787 1407 917 1474 domino
933 1406 1041 1493 Moysi
1058 1405 1172 1474 Zelell

54 1511 328 1600 ¹I'ransiluanieusi,
353 1515 441 1600 quod
457 1515 620 1600 magnifici
639 1517 831 1602 perplures,
850 1515 1018 1603 ipsiusmet
1034 1517 1113 1582 iuris
1128 1539 1176 1582 re·

1 1622 2 1694 l
55 1623 100 1703 gni
113 1621 361 1689 transilvaniae
386 1623 519 1708 domini,
544 1625 665 1709 aliique
680 1625 802 1708 heroes,
827 1626 987 1710 praeclari
1004 1632 1037 1690 et
1053 1633 1177 1710 specta·

53 1728 124 1794 biles
138 1733 206 1812 riri,
222 1733 351 1799 litteras
366 1755 425 1818 per
449 1733 595 1800 homines
611 1755 686 1800 suos
710 1733 752 1799 ad
768 1735 862 1800 illum
879 1735 1049 1818 misissent,
1064 1733 1177 1818 illique

55 1838 286 1923 significassent,
302 1849 339 1906 ut
364 1843 602 1928 quamprimum
626 1841 890 1926 praedestinatus
905 1843 970 1925 ille,
987 1865 1025 1908 ex
1042 1841 1178 1908 fortissi-

54 1947 106 2010 mis
120 1947 239 2014 electus
256 1946 404 2031 roinoda,
429 1949 566 2032 ipsemet
582 1969 640 2014 suo
657 1949 815 2033 singulari
831 1949 977 2015 exercitu
993 1947 1179 2014 Transilra·

1 2050 3 2057 ’
55 2055 118 2119 niae
132 2075 266 2138 regnum
291 2056 497 2140 ingressurus
513 2064 606 2141 esset,
622 2059 861 2142 praenominati
877 2057 1041 2142 magnifici
1057 2055 1178 2123 domini

1 2213 2 2260 ,
56 2165 208 2246 totiusque
218 2163 482 2250 exercitusregni
502 2163 757 2250 Transylraniae
772 2167 917 2232 amamini
934 2187 1090 2232 consensu
1106 2189 1179 2232 con·

1 2269 2 2344 Ῑ
57 2271 120 2335 eilia
135 2272 278 2356 inissent,
294 2270 535 2339 Germanorum
561 2273 595 2338 in
611 2271 839 2340 Transilvania
854 2275 1054 2339 exercituum
1071 2275 1181 2358 copias

1 2355 2 2373 Χ
59 2377 219 2462 debellare,
245 2381 443 2446 unanimiter
468 2381 627 2448 coniurati
648 2401 706 2466 per
721 2381 849 2447 litteras
866 2403 941 2448 suas
957 2382 1180 2447 annunciavit·

60 2495 130 2552 sent.
153 2487 216 2553 His
241 2489 404 2573 perceptis
429 2489 651 2556 serenissimus
684 2491 834 2574 princeps
860 2489 1073 2556 'l'artarorum
1098 2487 1181 2558 Gari

1 2638 2 2646 τ
60 2592 152 2662 Gerai
167 2597 234 2662 han
257 2598 308 2664 illi
334 2603 458 2682 septem
482 2597 532 2664 rel
552 2605 626 2664 octo
642 2599 746 2664 millia
763 2596 977 2666 Tartarorum
993 2599 1182 2664 fortissimo-

1 2696 2 2699 '
60 2725 125 2770 rum
139 2707 171 2771 in
187 2707 345 2772 auxilium
371 2705 674 2790 praeordinavisset,
698 2708 831 2792 illisque
848 2707 1010 2774 adiunctis
1026 2731 1065 2774 ex
1081 2709 1182 2795 parti·

1 2826 2 2829 ’
60 2811 113 2878 bus
122 2811 289 2898 Graeciae,
300 2813 528 2898 aliisquelocia
544 2815 671 2902 aliquot
687 2817 790 2882 millia
806 2817 953 2902 equitum
969 2817 1180 2903 peditumque

61 2922 334 3006 consignarissent,
358 2944 431 2988 cum
456 2923 677 2990 illustrissimo
697 2923 803 3008 heroe,
820 2945 859 2989 ex
876 2924 1060 2990 fortissimis
1076 2925 1179 2990 eleeto

1 3099 2 3120 ,
60 3029 185 3096 rairoda
199 3029 315 3096 Zekell
331 3029 445 3117 Moyse
460 3029 650 3098 Danubium
661 3033 906 3116 transnavigare
922 3029 1182 3098 transilvaniae-

1 3219 2 3222 ,
62 3157 117 3221 que
131 3159 262 3223 regnum
278 3159 397 3223 magno
413 3161 471 3205 sno
487 3137 638 3206 ordinato
663 3147 843 3226 paratoque
859 3141 1006 3206 exercitu
1023 3159 1182 3226 occupare

62 3247 226 3330 statuisset,
241 3245 473 3312 Transilvanos
489 3267 547 3330 per
563 3245 691 3312 litteras
707 3269 782 3314 suas
801 3249 955 3314 certiores
972 3247 1113 3313 fecisset.

1 3337 2 3340 Ἴ
159 3355 204 3420 Ut
221 3355 323 3438 igitur
332 3353 498 3421 Serenitas
508 3353 630 3424 Vestra
641 3377 680 3422 ex
690 3355 1183 3440 munificentialiberalitateque

63 3469 268 3548 eapropter
302 3463 503 3529 vicinitatem
536 3463 776 3547 amicitiamque
808 3463 921 3530 foedus
946 3465 1184 3531 sanctissimum

64 3567 240 3636 inviolatum
256 3593 336 3654 erga
359 3577 487 3655 portam
513 3577 658 3637 nostram
684 3571 816 3636 beatam
831 3577 1011 3656 praestans,
1027 3572 1184 3656 singulari

67 3677 194 3758 quodam
210 3680 356 3745 exercitu
372 3701 430 3745 sno
456 3680 600 3764 equestri
616 3677 830 3764 peditatuque
849 3679 1021 3766 piridario‚
1039 3701 1184 3746 necessa·

66 3783 142 3850 rium
155 3787 186 3852 in
201 3788 358 3853 maxilium
383 3785 545 3870 advolare,
563 3787 821 3856 illustrissimum
836 3809 912 3853 vero
929 3793 963 3853 et
978 3785 1185 3872 magnificum

67 3895 282 3962 cancellarium
307 3895 510 3960 exercituum
536 3893 703 3978 copiarum
728 3915 860 3962 suarum
884 3897 1078 3980 generalem,
1105 3897 1183 3980 quin

66 4005 273 4086 commaneret,
283 4003 449 4088 postulato
459 4023 535 4069 vcro
545 4007 691 4088 tempore
707 4009 745 4068 ut
761 4002 946 4071 Serenitaee
956 4003 1059 4074 Vstra
1074 4005 1182 4071 vaivo-

1 4108 2 4114 ’
67 4108 137 4175 dam
157 4112 436 4196 praenominatum
461 4133 520 4196 per
544 4111 658 4178 literas
683 4113 854 4178 certiorem
885 4111 1017 4198 iaceret,
1042 4113 1094 4178 die
1121 4133 1186 4178 una

14 4204 18 4220 ⁸
69 4217 230 4306 eodemne
247 4229 395 4306 tempore
412 4240 452 4285 ex
468 4218 594 4286 duabus
610 4219 760 4305 partibus
785 4217 1022 4288 Germanorum
1038 4241 1186 4306 grassan-

69 4327 144 4393 tium
164 4333 269 4416 copias
295 4329 542 4416 quibuscunque
556 4327 591 4394 in
608 4327 688 4394 locis
704 4329 936 4414 invenirentur,
954 4329 1128 4412 debellare,
1145 4349 1186 4392 ex

70 4453 160 4523 regno
190 4439 353 4524 depellere
386 4441 486 4522 atque
521 4435 592 4501 eiici
626 4457 737 4502 curam
767 4437 975 4522 studiumque
1008 4459 1102 4504 suum
1133 4435 1188 4502 ad-

1 4559 3 4611 l
70 4538 193 4613 biberet.

168 4651 237 4739 Quo
252 4677 329 4723 vero
354 4654 450 4722 modo
470 4653 672 4740 abantiquis
698 4675 790 4720 arces
815 4675 982 4740 regnaque
1001 4655 1096 4720 istius
1113 4675 1187 4738 pro·

73 4759 185 4829 duciae
200 4765 381 4848 gubernata
395 4761 534 4830 inissent
550 4769 584 4828 et
599 4785 683 4829 nunc
707 4771 746 4829 ut
761 4765 795 4829 iu
811 4770 1006 4849 potestatem
1021 4762 1190 4829 fortissimi

1033 4885 1082 4939 15*
