3218 5424
696 511 815 558 asnhnrr
830 510 1081 562 onszreerenessr.

865 711 912 780 X.

753 842 848 904 1601.
870 837 956 922 jan.
986 841 1014 903 5.

375 974 498 1043 Mephieu'
511 994 530 1028 a
544 975 682 1029 koloecdn'
696 973 919 1044 orezdppyit'ldarc.
937 969 983 1042 (V.
1000 979 1024 1028 ὅ.
1041 973 1092 1030 IV.
1108 975 1133 1029 Ic.
1151 977 1218 1029 409.
1236 978 1262 1029 ὠ
1279 976 1317 1028 51·
1323 978 1347 1030 ἶ.
1364 973 1399 1044 l.)

428 1088 498 1156 Nos
513 1091 691 1156 consiliarii
701 1089 940 1157 sacratissimae
952 1109 1121 1156 caesareae
1137 1091 1248 1173 regiae
1264 1089 1461 1158 Maiestatis

321 1221 359 1264 ac
368 1219 518 1283 proceres
528 1204 739 1284 etmagnates
755 1200 846 1284 regni
864 1198 1133 1283 Transsylvaniae
1152 1201 1213 1263 etc.
1229 1198 1460 1266 Prudentibus

321 1312 354 1371 et
369 1307 608 1391 circumspectis
624 1307 762 1373 dominis
777 1308 933 1391 magistro
951 1307 1065 1372 civium
1081 1306 1172 1390 regio
1190 1312 1223 1371 et
1239 1307 1323 1374 sedis
1334 1308 1462 1392 judici·

321 1415 389 1498 bus,
415 1416 615 1499 caeterisque
636 1415 756 1500 juratis
781 1415 904 1481 civibus
924 1414 1065 1480 civitatis
1090 1419 1123 1479 et
1148 1413 1233 1480 sedis
1257 1413 1462 1482 Gibiniensis

322 1523 434 1588 amieis
457 1522 550 1588 nobis
574 1522 773 1589 honorandis
798 1523 936 1589 salutem
962 1529 996 1588 et
1011 1522 1114 1587 nostri
1129 1522 1460 1589 commendationem

322 1631 404 1698 Cum
420 1653 480 1717 pro
496 1633 623 1699 ratione
642 1635 862 1717 praesentium
881 1640 1062 1718 temporum
1079 1637 1178 1716 atque
1194 1635 1352 1699 van'etate
1368 1639 1461 1699 trac-

321 1740 494 1806 tandorum
503 1742 707 1825 negotiorum
717 1741 854 1807 dominis
860 1742 1033 1826 regnicolis
1043 1741 1142 1806 trium
1153 1742 1321 1807 nationum
1328 1742 1459 1809 Trans-

321 1849 570 1933 silvaniensium,
580 1855 612 1915 et
627 1851 769 1934 partium
793 1851 885 1934 regni
910 1848 1104 1933 Hungariae
1121 1847 1197 1915 huic
1213 1849 1329 1915 ditioni
1346 1851 1460 1916 subie-

321 1962 454 2040 ctarum,
470 1957 514 2022 ad
539 1957 623 2024 diem
648 1957 765 2024 festum
781 1958 907 2024 Beatus
923 1956 1065 2042 Agnetis
1089 1957 1222 2041 virginis
1239 1964 1273 2024 et
1288 1959 1461 2044 martyris,

321 2064 382 2129 hoc
398 2071 447 2129 est
461 2065 651 2148 vigesimum
666 2068 804 2151 primunr
815 2067 900 2132 diem
910 2065 935 2131 J
937 2067 1064 2132 aunarii
1073 2067 1252 2150 praesentis
1267 2067 1304 2131 in
1319 2068 1461 2134 civitate

321 2170 480 2238 Oolosuar
505 2173 636 2240 comitia
659 2174 814 2258 partialis
839 2174 1003 2240 celebrare
1029 2173 1272 2258 decreverimus,
1289 2196 1354 2258 quo
1369 2182 1461 2242 tenr-

320 2299 398 2361 pore
414 2300 452 2343 ea
468 2301 580 2364 quaes
596 2282 782 2346 reomnium
793 2287 888 2346 erunt
899 2280 985 2346 etad
1001 2301 1170 2347 commune
1185 2281 1313 2364 patriae
1328 2281 1460 2348 bonum

320 2409 359 2453 ac
374 2388 514 2455 salutem
537 2390 747 2476 pertinebunt
762 2391 795 2456 in
819 2390 962 2457 medium
977 2395 1201 2476 proponentur
1216 2397 1314 2474 atque
1330 2391 1462 2458 delibe

320 2497 488 2564 rabuntur.
505 2495 714 2584 Quapropter
729 2498 964 2566 dominationes
982 2504 1106 2564 vestras
1121 2519 1180 2583 per
1194 2505 1382 2584 praesentes
1399 2499 1461 2566 be-

320 2606 432 2670 nevole
457 2607 658 2691 requirimus,
684 2607 869 2693 eisdemque
894 2607 1074 2674 autoritate
1097 2613 1209 2674 nostra
1234 2629 1300 2690 qua
1322 2605 1461 2692 publice

322 2715 486 2799 fungimur
504 2715 678 2800 diligenter
687 2718 896 2803 injungimus,
920 2722 958 2783 ut
973 2738 1013 2782 ex
1028 2715 1104 2782 sede
1128 2719 1236 2783 vestra
1256 2723 1398 2800 quatuor
1417 2739 1461 2782 ex

322 2822 479 2890 fratribus
494 2826 610 2890 vestris
625 2824 710 2892 viros
735 2847 848 2912 graves
872 2847 1057 2893 usurarum
1073 2831 1171 2910 atque
1188 2825 1367 2891 autoritate
1382 2826 1461 2909 pol·

322 2932 425 2999 lentes
440 2932 591 3018 deligere,
606 2955 645 3000 ae
660 2955 726 3000 una
742 2957 813 3002 cum
829 2936 983 3020 magistro
999 2934 1115 3000 civium
1131 2937 1164 2999 et
1175 2931 1285 3019 judice
1302 2934 1393 3018 regio
1412 2935 1460 3000 ad

324 3039 408 3106 diem
424 3044 457 3107 et
471 3041 578 3108 locum
588 3044 826 3128 praescriptum
841 3043 898 3110 ubi
914 3065 973 3110 nos
989 3064 1118 3128 quoque
1134 3041 1235 3108 futuri
1252 3063 1363 3107 sumus
1381 3063 1461 3109 eum

323 3149 427 3232 plenis
442 3151 606 3218 mandatis
621 3152 868 3219 tractandorum
884 3158 918 3218 et
936 3151 1231 3219 concludendorum
1246 3151 1461 3235 negotiorum

325 3257 537 3340 quorundam,
553 3259 676 3344 absque
692 3261 803 3346 aliqua
827 3262 1031 3328 cunctatione
1050 3261 1181 3325 mittere
1197 3265 1230 3324 et
1245 3257 1399 3344 expedire
1416 3283 1462 3324 ne

324 3367 552 3434 intermittant.
562 3367 633 3435 Nee
643 3391 736 3437 secus
745 3369 876 3438 faciant
885 3370 1011 3436 Datum
1021 3367 1130 3434 Albae
1146 3368 1172 3434 J
1173 3369 1259 3434 uliae
1275 3368 1328 3433 die
1337 3369 1462 3452 quinta

323 3476 442 3541 mensis
457 3472 483 3540 J
484 3479 620 3562 anuarii,
645 3500 730 3546 anne
761 3481 883 3548 domini
902 3479 1072 3545 millesimo
1092 3476 1322 3544 sexcentesimo
1337 3477 1463 3562 primo.

432 3581 616 3670 Stephanus
632 3585 734 3673 Giaky
753 3611 793 3655 m.
809 3611 840 3674 p.

433 3689 559 3781 Oaspar
573 3694 698 3763 Kornis
713 3720 754 3763 m.
770 3720 800 3783 p.
1017 3693 1071 3780 (L.
1088 3691 1135 3779 S.)
1176 3691 1229 3779 (L.
1246 3689 1294 3778 S.)
1334 3690 1391 3778 (L.
1407 3693 1463 3780 S.)

432 3800 631 3888 Pangratius
647 3803 770 3873 Sennei
784 3828 826 3872 m.
841 3829 872 3890 p.

430 3905 627 3976 Franciscus
642 3909 750 3978 Alard
764 3934 805 3978 m.
820 3935 851 3997 p.
1015 3909 1068 3995 (1.
1085 3907 1134 3994 S.)
1172 3906 1226 3994 (h.
1243 3904 1292 3991 S.)
1331 3902 1389 3991 (L.
1406 3907 1462 3996 S.)

433 4013 619 4102 Stephanus
635 4017 755 4087 Tholdi
772 4039 813 4086 m.
832 4041 862 4105 p.

431 4119 562 4210 Moyses
577 4125 691 4195 Zelreli
706 4151 747 4194 m.
763 4151 793 4214 p.

432 4231 619 4320 Stephanus
633 4236 770 4324 Bodeny
784 4259 825 4303 m.
842 4259 872 4322 p.

431 4341 633 4413 Benediktus
651 4345 857 4432 Mindszenty
872 4367 913 4412 m.
934 4367 965 4429 p.

433 4481 560 4537 ideali-et
569 4501 579 4537 .·
595 4481 681 4538 Anno
695 4483 787 4540 1601.
798 4479 1012 4539 convocatoriae
1028 4479 1064 4536 ad
1074 4473 1328 4548 comitiapartialie
1342 4474 1466 4534 incites

326 4567 463 4625 Golosvar
478 4569 657 4631 celebranda.
673 4573 741 4631 Nro.
760 4575 775 4628 1
794 4573 1006 4629 Hermsmstatt

326 4672 382 4746 (Aa
398 4679 503 4738 eredeti
519 4682 701 4758 vianyomatu
717 4683 846 4756 papiron,
873 4681 986 4740 asztsa
1012 4677 1133 4735 namneti
1150 4681 1281 4751 egyetem
1299 4673 1468 4750 ltdrdban.)

784 4855 996 4870 m
