3042 5404
319 394 383 454 230
694 401 813 450 nantum
829 400 1083 470 easmioorilnuans.

429 480 434 498 t

423 567 651 634 Illustrisslme
677 568 805 635 domine
830 567 959 634 domine
985 569 1088 635 amieo
1113 571 1217 636 vicine
1232 571 1329 638 nobis
1345 569 1447 636 obser-

317 677 517 761 vandissime,
553 677 691 742 salutem
720 683 780 741 ete
811 676 865 742 Ex
879 676 1002 742 litteris
1031 676 1224 761 magnificae
1248 679 1292 745 D.
1307 678 1350 746 V.
1374 676 1448 761 quid

318 785 440 852 scribat
465 791 498 850 et
523 783 621 850 animi
646 784 775 867 habeat,
791 783 1028 869 intelleximus3
1045 791 1239 870 moneatque
1255 808 1314 852 nos
1331 784 1450 851 seilicet

319 893 407 978 quod
430 891 623 958 fidelitatem
638 899 878 976 praestaremus
895 895 1019 959 caesari
1034 895 1270 978 potentissimo,
1285 901 1449 976 totamque

320 1022 409 1085 spem
434 999 627 1066 haberemus
643 999 844 1066 solummodo
860 1001 895 1066 in
909 1001 977 1066 illo.
993 998 1051 1066 Ad
1068 1023 1166 1085 quam
1180 1023 1251 1067 rem
1266 1021 1327 1085 pro
1341 1005 1449 1066 nostra

322 1109 427 1176 salute
452 1109 517 1174 iam
541 1108 603 1174 hoe
621 1107 728 1174 faeere
744 1112 778 1174 et
792 1115 959 1192 praestare
976 1109 1148 1194 tendimus,
1163 1111 1449 1194 potentissimeque

321 1217 445 1283 caesari
475 1217 585 1300 eapite
615 1222 729 1282 nostra
758 1216 896 1282 demisse
926 1218 1075 1284 volumus
1098 1219 1265 1284 inclinare.
1291 1215 1448 1302 Quoniam
1502 1301 1504 1304 Ι

321 1334 431 1394 autem
455 1327 504 1392 ita
528 1348 562 1392 se
583 1347 635 1392 res
650 1325 771 1393 habeat
787 1333 821 1392 et
837 1327 879 1392 ad
894 1327 957 1394 hee
972 1330 1070 1412 venit,
1087 1329 1176 1414 qued
1191 1329 1406 1412 nosmetipsos
1419 1327 1450 1390 in

321 1435 460 1500 tutelam
493 1435 711 1518 potentissimi
743 1436 882 1501 caesaris
913 1441 1082 1519 praestare
1111 1436 1270 1519 volumno,
1299 1435 1389 1520 quod
1417 1440 1448 1499 et

323 1562 428 1624 magn.
444 1539 525 1606 Dtie
550 1541 623 1606 Tua
638 1563 697 1628 pro
716 1549 805 1608 certo
822 1542 942 1608 habere
958 1543 1071 1628 possit.
1086 1542 1168 1610 Ideo
1178 1565 1285 1627 magu
1301 1543 1450 1609 Dtionem

323 1649 427 1718 Vnam
437 1649 539 1714 amioe
555 1670 716 1735 rogamus,
732 1657 770 1716 ut
785 1652 872 1736 apud
887 1653 1149 1736 potentissimum
1165 1671 1450 1735 caesaremseeun·

325 1756 402 1822 dum
413 1777 518 1841 magn.
528 1755 660 1822 Dtionis
670 1757 759 1827 Vnae
770 1757 876 1844 fidem,
893 1762 1087 1846 promissum
1104 1765 1138 1826 et
1153 1762 1348 1845 scripturam
1365 1757 1450 1826 nobis

325 1865 466 1949 gratiam
490 1870 524 1929 et
550 1867 762 1950 tranquillam
786 1889 900 1952 paoem
916 1868 1217 1954 remansionemque
1234 1890 1350 1954 parare
1367 1888 1452 1934 eone-

326 1977 389 2056 tur‚
399 1971 609 2058 omnibusque
619 1973 653 2040 in
668 1975 765 2040 rebus
782 1977 900 2042 nostris
917 1977 1005 2061 apud
1020 1978 1281 2062 potentissimum
1296 1996 1449 2042 caesarem

231 2137 236 2147 .
328 2101 433 2166 magn
448 2080 530 2147 Dtio
547 2080 620 2148 Tua
635 2082 678 2148 ad
702 2085 940 2151 remansionem
956 2087 998 2152 sit
1022 2085 1150 2152 author.
1165 2084 1333 2154 Vaivodae
1349 2091 1449 2150 autem

327 2189 480 2273 Simeoni,
504 2191 560 2274 qui
576 2191 704 2276 saepius
720 2214 832 2258 ansam
849 2194 932 2260 solet
946 2196 1024 2260 mali
1039 2195 1205 2279 praebere,
1221 2216 1358 2277 regnum
1372 2189 1452 2258 istud

327 2299 480 2364 miserum
504 2298 660 2384 devastat
677 2302 848 2385 compilat;
873 2303 995 2370 ideireo
1019 2325 1058 2368 ex
1078 2305 1247 2370 voluntate
1263 2323 1367 2386 magn.
1382 2300 1450 2367 Dti-

330 2408 401 2472 onis
417 2405 507 2476 Vrae
526 2429 585 2473 sua
600 2407 843 2491 magnificentia
858 2409 981 2477 Bektes
1005 2433 1101 2495 passa
1117 2413 1200 2477 serio
1217 2410 1358 2492 mandet
1374 2405 1452 2492 quod

330 2515 398 2579 sine
414 2537 514 2599 regno
530 2516 594 2581 isto
612 2519 661 2600 sit,
678 2523 712 2582 et
732 2516 884 2602 deinceps
898 2541 964 2584 nen
981 2519 1129 2586 devastet
1144 2524 1177 2585 et
1192 2540 1258 2584 non
1275 2518 1414 2603 praedet,
1429 2514 1452 2578 si

331 2623 397 2688 iam
422 2644 559 2707 regnum
573 2625 662 2690 istud
678 2623 859 2692 desolatum
875 2628 1102 2711 potentissimo
1119 2626 1243 2692 eaeaari
1260 2631 1358 2710 eaput
1373 2623 1452 2689 ineli-

331 2730 421 2797 navit
437 2729 602 2816 submisse‚
619 2735 716 2799 etita
732 2734 791 2799 sub
807 2735 1024 2819 potentissimi
1041 2735 1181 2800 caesaris
1196 2755 1315 2800 nomen
1331 2754 1363 2799 se
1378 2751 1453 2797 eom·

332 2837 505 2923 mondavit,
536 2839 613 2924 quia
644 2842 670 2906 si
701 2841 830 2907 demum
861 2863 926 2927 pax
949 2843 1014 2908 ista
1039 2849 1153 2910 eontra
1171 2842 1459 2926 potentissimorum,

334 2969 496 3013 caesarem
522 2943 625 3032 (quod
649 2948 729 3014 deus
754 2947 895 3036 avertat)
921 2951 1040 3016 iterum
1064 2950 1281 3032 amitteretur,
1307 2949 1411 3014 nullus
1424 2945 1453 3010 in

335 3056 431 3140 eulpa
456 3058 528 3140 erit,
552 3062 586 3122 et
610 3057 705 3141 ratio,
722 3059 749 3123 si
767 3079 859 3122 arma
884 3059 971 3142 capit
996 3079 1073 3141 erga
1088 3079 1156 3141 nos,
1175 3057 1232 3122 sed
1248 3056 1378 3123 Simeon
1392 3053 1453 3118 vai·

335 3163 425 3229 voda
452 3163 581 3230 Ideiroo
597 3164 624 3230 si
641 3186 746 3249 magn.
762 3163 843 3231 Dtio
858 3165 930 3234 Vra
946 3187 1015 3230 rem
1039 3169 1184 3231 nostram
1208 3165 1288 3230 velit
1304 3158 1452 3246 eompesei

336 3293 443 3338 eorem
468 3275 515 3339 ita
531 3273 660 3358 habeat,
677 3276 765 3359 quod
781 3275 840 3341 sub
857 3273 1018 3340 fidelitate
1034 3274 1252 3359 potentissimi
1269 3271 1405 3340 caesaris
1419 3269 1454 3333 de

334 3386 474 3465 utraque
504 3387 598 3466 parte
628 3403 793 3466 possemus
824 3381 959 3468 paeifiee
989 3383 1023 3448 in
1049 3404 1149 3465 regno
1166 3387 1278 3448 nostro
1297 3377 1453 3464 requiesci

335 3489 491 3558 Similiter
507 3489 657 3557 Tartaris
681 3491 968 3556 Buozialriensibus
994 3491 1077 3556 serio
1099 3489 1231 3555 mandet
1257 3510 1364 3573 magn.
1380 3485 1453 3551 Dtio

336 3595 415 3681 Vra,
425 3597 511 3682 quod
521 3599 637 3664 misero
647 3619 746 3682 regno
757 3599 819 3664 isto
829 3597 911 3663 nihil
922 3599 1291 3681 eontrariaurgent,non
1301 3593 1454 3680 praedant

338 3711 372 3771 et
386 3706 554 3774 devastent
568 3709 634 3773 iem
650 3708 795 3791 ulterius,
811 3707 867 3773 sed
883 3707 948 3772 sint
965 3703 1162 3771 sufficientes
1179 3705 1403 3788 compilatione
1418 3695 1455 3764 ad

338 3813 510 3899 hocusque
520 3820 656 3900 tempus.
666 3816 732 3882 Pro
749 3816 842 3881 euius¹
855 3815 903 3880 rei
918 3814 1056 3880 veritate
1073 3818 1106 3878 et
1121 3812 1309 3878 testimonio
1326 3808 1456 3875 misimus

338 3921 488 3990 hosduos
498 3922 666 3990 Boerones
682 3947 755 3990 oum
771 3923 874 3989 literis
890 3921 1010 3988 nostris
1027 3921 1186 4004 admagn.
1196 3918 1355 3985 Dtionem
1365 3916 1457 3982 uon

340 4031 469 4096 nomine
488 4029 672 4117 Szvlehyer
686 4031 823 4098 Manuel
838 4035 871 4096 et
886 4027 1033 4095 Zlattam
1048 4026 1170 4093 Armes
1186 4027 1274 4093 omni
1290 4047 1362 4092 oum
1378 4019 1458 4088 disei-

340 4139 440 4224 plina,
449 4139 522 4206 ideo
537 4161 642 4224 magn.
658 4139 739 4206 Dtio
750 4140 821 4208 Vra
836 4140 870 4204 in
880 4137 1028 4205 omnibus
1038 4135 1134 4201 fidem
1143 4135 1273 4201 habeat
1284 4131 1380 4218 Quod
1393 4127 1457 4195 reli-

342 4269 442 4334 quum
467 4254 515 4314 est
539 4249 790 4315 illustrissimam
804 4269 910 4333 magn.
925 4247 1081 4312 Dtionem
1091 4243 1198 4310 Tuam
1212 4243 1352 4308 felioiter
1366 4239 1459 4306 valere

343 4359 496 4443 cupimus
521 4358 574 4424 Ex
599 4359 730 4425 eivitste
755 4361 868 4424 nostra
883 4353 1116 4439 Tergovvist'ya,
1132 4351 1184 4416 die
1203 4353 1253 4415 ll.
1269 4348 1295 4416 J
1296 4350 1372 4432 unii,
1388 4361 1458 4413 anno

344 4467 467 4535 domini
484 4471 580 4535 1603.
