3030 5416
378 483 472 542 1604.
487 505 546 542 rra.
564 486 614 542 25.
627 517 663 528 -
678 503 754 540 raes.
771 485 801 542 4.
1126 481 1189 542 263

1 661 2 684 ³
56 654 145 722 Dens
165 657 276 724 Mtem
292 657 395 728 Vram
414 680 493 724 sacr.
509 658 689 726 diutissime
705 657 828 724 salvam
843 661 877 724 et
892 657 1075 724 felicissime
1090 659 1190 744 impe·

1 783 2 855 j
57 771 185 831 rentem
212 788 404 833 conservare
428 765 589 852 dignetur.
614 765 738 832 Datum
764 787 803 830 ex
828 762 1002 832 Ooloswar.
1027 765 1191 852 Jauuarij,

1 915 2 974 ff
56 895 139 939 anno
157 873 359 942 Muclus

163 981 250 1049 Mtis
266 981 356 1052 Vrae
372 1007 453 1051 secr.

553 1127 711 1192 humilimi
728 1149 767 1192 ac
782 1125 894 1192 fideles
911 1127 1082 1193 servitores

689 1229 730 1299 G.
747 1233 852 1300 Basta
867 1257 906 1300 m.
923 1257 953 1319 p.

606 1341 768 1426 Georgius
784 1341 939 1408 Hoffman
956 1365 996 1408 m.
1012 1365 1042 1428 p.

167 1499 295 1552 Kuloer'm.
307 1497 519 1554 sacratissimae
536 1498 726 1552 Romanorum
743 1497 941 1567 imperatoriae
957 1513 990 1550 ac
1006 1495 1187 1564 Germaniae,

1 1625 2 1628 η
59 1585 232 1658 llungsriae,
257 1587 467 1659 ,Bohemiseqoc
493 1595 545 1642 etc.
573 1588 667 1658 regnac
692 1585 846 1652 Maiestati,
863 1593 915 1643 otc.
934 1586 1056 1642 Dourino
1072 1587 1186 1642 domino

60 1677 140 1732 nobis
156 1678 382 1732 clementissimo.

171 1769 289 1838 pragae,
308 1769 344 1822 ad
364 1785 504 1822 cameram
521 1769 651 1824 aulicam.

166 1913 285 1983 Esolo'lt
300 1914 359 1967 mos
374 1913 489 1982 apyron-rt
503 1915 606 1968 ktzsel:
624 1914 652 1968 ti.
670 1911 764 1966 Martii
785 1911 879 1967 1604.

227 2055 385 2129 (EredetiJe
404 2075 421 2111 a
437 2054 513 2112 bricci
531 2057 688 2113 adalram.
705 2055 829 2114 ltarlran.
846 2055 920 2111 Sieb.
939 2053 1013 2124 Act.)

593 2279 665 2350 LV.

382 2425 810 2512 1604.jan.25.-febr.
835 2429 863 2490 4.

335 2582 360 2634 11
376 2581 515 2635 holoserici
528 2579 712 2650 orsaippylilc'a
727 2579 902 2634 lr-otrirosotrri.

1 2796 2 2802 ἵ
166 2713 234 2781 Nos
250 2715 414 2802 Georgius
438 2715 543 2782 Basta
567 2737 672 2781 comes
697 2717 731 2780 in
748 2714 847 2800 Hunt,
863 2715 964 2780 Liber
980 2711 1068 2779 Baro
1085 2713 1186 2780 domi-

1 2837 2 2914 }
70 2841 157 2888 nusa
185 2823 269 2910 Sult,
294 2826 532 2891 sacratissimae
557 2845 728 2890 caesareae
753 2826 928 2908 regiaeque
947 2821 1133 2888 Maiestatis
1153 2829 1186 2890 et

1 2951 2 3022 3
72 2929 208 2998 catholici
223 2935 309 3018 regis
333 2933 567 3019 Hispaniarum
594 2933 800 3000 consiliarius
816 2933 960 3014 bellicus,
978 2931 1184 3014 eiusdemque

1 3036 2 3118 f
72 3057 143 3103 sacr.
158 3061 326 3107 caesareae
350 3043 523 3127 regiaeque
548 3041 733 3108 Maiestatis
759 3041 1186 3126 exercitus‚scp1·0uineiae

74 3143 325 3216 Mansilranicae
341 3151 539 3234 gubernator
555 3157 587 3217 et
604 3151 765 3235 generalis
781 3151 971 3235 capitaneus
987 3155 1047 3215 etc.
1063 3147 1186 3216 Memo-

73 3253 133 3320 riae
153 3258 411 3324 commendamus
435 3265 547 3324 tenore
572 3259 790 3344 praesentium
822 3257 1042 3340 significantes
1068 3259 1186 3342 quibus

1 3433 2 3440 χ
78 3364 194 3446 expedit
209 3367 375 3448 arinensis,
391 3365 478 3450 quod
495 3365 688 3450 spectabiles
704 3363 867 3450 magnifici
885 3367 1032 3448 generosi
1050 3372 1083 3431 ct
1099 3389 1186 3450 egre·

1 3501 2 3558 3
76 3471 113 3554 gij
128 3473 242 3540 nobiles
267 3475 452 3558 caeterique
478 3479 584 3540 status
600 3481 633 3540 et
649 3473 778 3542 ordines
795 3476 893 3538 trium
911 3475 1076 3540 nationum
1095 3477 1184 3556 regni

18 3565 19 3568 Ἴ
76 3577 312 3668 Transylrsniae
327 3583 543 3650 exhibuerunt
559 3591 592 3650 et
611 3589 901 3670 praesentauoruat
918 3583 1010 3650 nobis
1027 3584 1184 3667 quosdam

1 3778 2 3787 ἵ
75 3687 280 3776 infrascriptos
296 3693 450 3760 articulos
474 3693 507 3758 in
532 3693 739 3776 generalibus
756 3715 868 3758 eorum
884 3693 1025 3777 comitijs
1041 3691 1082 3758 ad
1100 3693 1184 3757 aliem

1 3788 2 3855 J
75 3795 242 3879 vigesimum
267 3801 417 3886 quintum
442 3801 559 3868 mensis
584 3801 738 3868 Januarii
755 3823 840 3868 auno
872 3801 995 3867 domini
1012 3802 1184 3868 millesimo

1 3985 2 4002 ἵ
76 3911 287 3974 sexcentesimo
313 3913 430 3993 quarto
456 3905 659 3976 Colosuariui
685 3933 724 3974 ex
750 3909 857 3976 edicto
883 3917 993 3977 nostro
1010 3911 1184 3977 celebratis

1 4066 3 4110 ζ
77 4015 232 4082 conclusos.
248 4017 478 4102 Supplioautes
493 4018 587 4085 nobis
603 4018 769 4084 humilima
786 4025 822 4084 ut
841 4019 1010 4085 uniuersos
1027 4025 1060 4084 et
1076 4019 1184 4104 singn-

76 4119 115 4186 los
129 4127 277 4192 articulos
302 4127 399 4212 ipsos,
424 4127 595 4211 omniaque
620 4133 653 4192 et
670 4127 798 4212 singula
822 4127 857 4191 in
873 4126 994 4192 eisdem
1020 4133 1183 4211 contenta,

75 4236 156 4316 ratos,
184 4241 295 4318 gratos
319 4241 352 4300 et
384 4239 519 4320 accepta
543 4235 701 4304 habentes
731 4243 878 4336 nostrum
903 4236 968 4301 illis
994 4257 1184 4303 consensum

1 4344 2 4423 i
76 4339 263 4428 authoritate,
274 4365 396 4410 assera
411 4365 563 4411 caesarea
572 4346 727 4430 regiaque
743 4345 918 4412 Maiestate
928 4345 1021 4410 uobis
1037 4345 1183 4430 plenipo-

1 4467 2 4530 j
76 4453 165 4515 tenter
187 4451 355 4534 attributa,
381 4454 505 4536 pariter
531 4461 563 4520 et
594 4475 759 4520 assensum
784 4453 948 4540 praebere,
974 4460 1007 4519 et
1032 4460 1098 4519 tam
1125 4477 1183 4518 nos

1 4561 2 4640 ᾗ
76 4555 127 4638 ipsi
140 4560 317 4644 obseruare,
335 4583 432 4645 quam
442 4583 501 4646 por
517 4563 598 4628 alios
608 4583 745 4647 quorum
756 4563 890 4627 interest
901 4561 1067 4627 obseruari
1077 4562 1184 4628 facere

1 4731 2 4736 ,
77 4663 270 4751 dignaremur.
288 4667 434 4755 Quorum
451 4671 581 4758 quidem
598 4671 808 4738 articulorum
826 4676 918 4740 tenor
934 4672 1009 4738 talis
1026 4677 1083 4740 est.
