3100 5420
486 529 674 590 11111111.
697 531 813 590 18-9.
1146 523 1210 589 463

89 705 230 790 patriam,
240 705 364 792 subque
379 705 571 773 fidelitatem
588 705 663 772 Mus
678 704 758 772 Vrae
777 726 856 770 sacr.
872 703 978 771 redire
993 725 1211 791 properarem,

91 815 218 900 contigit
242 823 281 883 ut
305 816 473 902 provincia
497 816 578 882 haec
596 814 833 898 regnicolarum
849 814 999 880 videlicet
1014 815 1113 880 trium
1129 814 1212 879 nati-

90 943 178 988 onum
202 929 307 990 status
332 929 366 990 11
390 925 521 992 ordines
556 921 796 1008 Claudiopolim
821 921 864 988 ad
897 923 1101 988 undecimum
1117 922 1212 988 huius

90 1033 200 1097 mensis
225 1032 310 1098 diem
335 1032 516 1118 intemplo
542 1053 654 1098 eorum
678 1030 794 1097 maiori
810 1031 1007 1115 congregati,
1023 1031 1164 1114 primum
1180 1035 1213 1095 et

89 1145 159 1206 ante
185 1142 294 1208 omnia
318 1143 470 1208 unionem
495 1143 562 1210 sive
587 1146 778 1227 perpetuam
795 1137 1109 1205 confoederationem
1125 1139 1212 1204 inter

92 1249 231 1316 tresillas
242 1251 391 1316 nationes
407 1257 565 1336 perpetuo
582 1249 773 1316 duraturam
789 1249 1027 1314 coust'tueruut
1043 1253 1076 1312 11
1091 1247 1216 1313 solenni

92 1358 265 1424 iuramento
276 1358 339 1424 sibi
354 1365 467 1425 mutuo
483 1359 517 1424 in
536 1364 729 1445 perpetuum
745 1378 936 1423 consensum
951 1355 1125 1441 praecipue
1142 1377 1216 1421 vero

92 1465 121 1530 in
130 1465 283 1549 eligendis
293 1488 353 1551 pro
365 1473 511 1552 tempore
521 1467 722 1552 principibus
734 1467 969 1550 conspirarunt
977 1463 1136 1549 Sequenti
1146 1485 1220 1530 vero

93 1571 147 1656 die,
162 1595 211 1638 me
226 1573 310 1638 nihil
326 1575 393 1640 tale
410 1580 611 1660 expectante,
627 1574 773 1658 nihilque
789 1573 896 1639 miuus
913 1574 1085 1656 cogitante,
1102 1573 1220 1657 princi·

94 1701 159 1763 pem
182 1683 392 1748 uomiuanmt
424 1689 457 1748 et
481 1704 607 1748 summa
622 1682 790 1748 voluntate
807 1681 996 1765 singillatim
1013 1682 1126 1766 petitis
1142 1679 1217 1746 suff·

94 1789 185 1872 ragiis
210 1791 442 1873 acclamarunt,
467 1813 604 1875 cumque
640 1790 738 1856 semel
764 1795 864 1873 atque
889 1789 1008 1854 iterum
1034 1789 1220 1855 solennibus

20 1899 22 1908 ’
94 1898 211 1963 nunciis
222 1898 417 1982 dignitatem
426 1897 511 1966 hanc
527 1899 721 1965 detulissent
737 1903 770 1963 et
786 1896 910 1962 nullum
927 1919 947 1962 a
962 1919 1013 1962 me
1030 1919 1221 1963 consensum

20 2087 22 2092 ,
93 2007 290 2090 recepissent,
316 2005 447 2072 tandem
473 2028 583 2072 omnes
609 2011 841 2089 consurgentes
861 2004 903 2070 ad
919 2005 1097 2090 hospitium
1113 2025 1220 2070 meum

19 2165 20 2198 ,
95 2120 299 2198 accesserunt,
315 2115 555 2200 praecipuique,
572 2135 653 2198 quos
670 2113 784 2178 domus
800 2134 916 2197 capere
932 2113 985 2178 vix
1010 2118 1148 2197 poterat,
1173 2113 1221 2177 iu-

19 2245 21 2292 t
99 2222 288 2286 stantissime
305 2243 355 2288 me
372 2221 413 2288 ad
430 2221 631 2288 subeundum
650 2223 712 2288 hoc
731 2243 820 2305 onus,
831 2221 926 2286 deum
942 2228 1046 2288 testor
1062 2227 1095 2286 et
1111 2243 1221 2286 omnes

19 2311 21 2418 ἶ
98 2335 282 2411 praesentes,
308 2351 373 2394 non
399 2331 467 2394 sine
492 2329 658 2396 lachrimis
675 2331 865 2395 institerunt
880 2351 919 2394 uo
935 2328 1067 2394 tandem
1083 2329 1219 2394 invitum

19 2445 21 2450 '
97 2435 146 2502 sed
169 2438 278 2503 multis
303 2437 487 2504 rationibus
512 2439 694 2504 conuictum
709 2439 742 2504 in
759 2439 916 2522 templum
933 2438 1147 2522 deduxerunt,
1162 2434 1222 2503 ubi

19 2549 21 2630 ᾗ
98 2546 249 2612 1111111111
264 2547 405 2612 vicissim
421 2546 569 2612 omnibus
585 2546 776 2630 rationibus,
792 2547 910 2631 quibus
926 2567 977 2612 me
994 2546 1133 2611 liberare
1150 2569 1221 2630 pos-

99 2673 165 2736 sem,
180 2660 246 2720 tam
271 2655 397 2720 senium
413 2676 512 2739 quam
528 2653 731 2720 debilitatem
747 2659 882 2740 propter
897 2655 1067 2721 continuos
1083 2653 1221 2740 morbos,

18 2747 20 2794 t
99 2783 132 2827 uc
159 2764 222 2830 aha
246 2763 351 2830 multa
376 2761 589 2846 incommoda,
615 2785 698 2848 quae
724 2785 763 2828 ex
788 2785 860 2828 moa
885 2762 1170 2829 administratione
1187 2763 1221 2828 in

18 2853 20 2924 l
99 2869 163 2935 illos
177 2870 360 2937 redundare
376 2875 516 2956 possent,
532 2870 708 2952 recensitis,
725 2869 925 2935 voluntatem
941 2870 1073 2934 illorum
1090 2876 1123 2936 et
1138 2892 1221 2934 surn-

101 2999 179 3044 mum
203 3001 393 3045 consensum
412 2979 592 3062 impingere
609 2978 796 3042 nullatenus
811 2978 913 3062 potui,
929 2983 1059 3061 praeter
1075 2977 1157 3043 alias
1173 2977 1221 3042 in-

18 3163 19 3174 ,
101 3107 238 3153 numeras
262 3087 406 3152 rationes
430 3085 516 3152 hanc
541 3087 640 3152 etiam
659 3086 847 3170 allegantes,
864 3085 951 3169 quod
968 3107 1040 3150 cum
1066 3106 1125 3168 ego
1142 3083 1219 3171 (deo

18 3179 20 3202 ⁸
101 3197 210 3278 optimo
235 3195 375 3260 maximo
402 3192 545 3281 sitlans)
563 3199 657 3260 tanta
682 3193 797 3260 fuerim
813 3194 901 3280 apud
916 3193 1014 3260 Meam
1029 3193 1122 3264 Vram
1138 3216 1219 3260 saer.

101 3301 260 3368 clementia
285 3301 412 3387 dignus,
437 3309 595 3387 quantam
621 3325 732 3370 omnes
757 3324 883 3388 semper
908 3301 1062 3368 admirati
1087 3301 1218 3386 fuerint,

102 3415 179 3474 certo
194 3431 227 3474 se
243 3405 412 3493 confidere,
429 3431 480 3476 me
495 3431 588 3496 posse
604 3411 749 3496 ipsorum
765 3433 896 3478 causam
912 3409 1000 3496 apud
1012 3409 1110 3474 Mrem
1126 3411 1220 3480 Vnam

102 3537 172 3583 saer.
195 3539 320 3604 semper
344 3518 377 3583 in
402 3519 559 3602 optimum
585 3525 706 3584 statum
732 3519 886 3584 reducere
903 3524 936 3583 11
951 3517 1013 3584 hoc
1028 3524 1125 3604 pacto
1141 3519 1220 3602 ipsis

102 3631 177 3690 recte
201 3625 407 3708 consulendo,
433 3623 494 3691 Mu
525 3625 607 3696 Vrae
628 3647 708 3692 sacr.
725 3647 765 3694 ac
780 3627 843 3692 toti
858 3626 1092 3692 christianitati
1107 3627 1220 3692 utilius

101 3753 183 3816 posse
206 3736 334 3818 servire,
361 3757 458 3820 quam
475 3757 514 3801 ex
530 3737 667 3820 privatis
683 3737 762 3802 meis
787 3735 888 3802 bonis.
905 3735 1022 3802 Tantis
1047 3736 1157 3819 itaque
1174 3737 1221 3800 in·

102 3845 225 3927 stantiis,
241 3843 392 3928 precibus
411 3849 444 3908 11
459 3844 557 3909 111111
574 3843 847 3912 obtestationibus
863 3843 976 3925 vietus,
992 3843 1123 3909 illorum
1140 3844 1221 3910 elec-

103 3951 172 4016 tioni
196 3959 228 4017 11
253 3949 495 4036 inaugurationi
521 3953 701 4018 consentire
727 3951 833 4035 debui,
849 3974 914 4017 non
931 3973 969 4017 eo
986 3957 1095 4018 tamen
1112 3953 1220 4018 animo

102 4065 132 4122 ut
147 4081 201 4144 ego
226 4061 327 4124 vitam
344 4079 448 4124 meum
465 4059 518 4124 hic
534 4061 752 4146 terminarem,
769 4082 842 4126 cum
858 4062 966 4144 etiam,
983 4061 1009 4125 si
1025 4059 1097 4125 Deo
1114 4061 1162 4126 ita
1178 4061 1222 4126 vi·

101 4187 161 4232 sum
184 4168 277 4252 loret,
304 4168 337 4232 in
361 4169 503 4252 propriis
528 4169 607 4234 meis
638 4169 741 4253 bonis,
764 4169 820 4236 ubi
836 4175 869 4235 et
885 4170 1086 4254 sepulturam
1102 4191 1158 4234 seu
1173 4190 1221 4234 re·

101 4277 196 4358 quiem
207 4276 365 4343 senilibus
376 4277 440 4342 iam
452 4277 579 4343 ossibus
589 4275 1221 4364 meispraeparatamvolui.Quandoqui-

101 4382 164 4450 dem
179 4385 346 4451 dominum
363 4383 560 4470 Homonnay
576 4387 806 4452 nullaomnino
823 4388 949 4452 ratione
960 4387 1103 4470 recipere
1114 4387 1220 4452 volue-

18 4493 20 4496 ’
101 4495 249 4576 runtimo
266 4497 382 4558 contra
397 4493 491 4558 illum
507 4495 572 4559 iam
583 4497 681 4562 etiam
696 4518 787 4561 arma
797 4495 923 4579 capturi
934 4499 1037 4576 eraut,
1054 4495 1135 4559 etin
1152 4516 1222 4560 eam

102 4621 160 4666 rem
169 4603 351 4686 equitatum
364 4605 397 4665 et
406 4601 588 4686 peditatum
600 4603 783 4670 Siculorum
794 4603 921 4686 aliquot
930 4602 1069 4667 millium
1087 4603 1120 4666 111
1137 4625 1222 4668 11111-

101 4731 166 4792 pum
190 4711 426 4798 produxissent,
453 4714 491 4775 ut
507 4713 574 4777 sine
591 4713 689 4779 dubio
706 4713 766 4777 Mei
788 4712 868 4778 Vnae
894 4734 975 4778 sacr.
992 4712 1138 4792 ignotum
1155 4732 1222 4775 esse
