3032 5418
1232 26 1499 179 ,Ἴ

352 436 416 497 368
724 451 843 500 recturi
858 452 1109 506 cunnensium.

458 611 507 676 Ea
531 613 649 678 lerelet
672 611 786 681 Hencz
811 613 947 704 Gydrgy
971 618 1069 686 horta
1085 642 1160 706 meg
1176 619 1385 702 Golosrtrra,
1400 628 1478 686 mert

350 721 543 809 ugyanattul
559 742 594 787 ez
609 719 722 789 Hencz
739 721 924 812 Gybrgytdl
939 727 1076 795 kuldtek
1091 730 1160 797 volt
1176 751 1212 795 az
1226 728 1386 796 nemeselr
1400 729 1427 793 is
1442 749 1476 793 az

350 829 706 899 commissariusoknak.

380 1075 387 1088 .
454 981 579 1145 illailla?
589 985 699 1041 Fcrkua
708 986 894 1058 oldub'eqpaetc
904 1009 913 1042 :
922 987 967 1046 ΑΖ
977 989 1221 1049 holosrdriaknak
1229 989 1355 1048 leleltdk
1365 1009 1401 1046 az
1410 1008 1474 1046 conr·

351 1093 513 1131 missenuso
535 1116 542 1132 .

458 1197 661 1274 (Snamoslr'o'ay
678 1199 750 1256 dltal
765 1207 827 1259 vett
837 1202 967 1262 mtsolut.
977 1206 1135 1279 Budaposti
1151 1214 1243 1281 ogyot
1253 1205 1406 1280 kdnyvtdr
1420 1205 1471 1261 tlh

349 1290 409 1345 TT.
427 1291 668 1348 Truirssilvanica:
685 1289 833 1362 LXVIII.)

883 1484 949 1550 XL

773 1631 868 1692 1605.
889 1629 977 1711 jun.
1008 1634 1058 1694 12.

413 1781 502 1834 Busta
525 1780 635 1833 odlusza
651 1798 669 1833 a
684 1779 810 1851 Bocakay
824 1783 936 1840 tumaci
950 1783 1020 1837 dicul
1034 1783 1089 1838 uate
1103 1784 1200 1838 kerata
1222 1785 1421 1854 taraucam.

456 1913 698 1981 Resolutio
730 1917 1121 1984 excellentissimi
1154 1917 1323 1984 domini
1358 1935 1464 2002 gene

349 2019 669 2106 ralisGeorgij
694 2021 865 2090 Baetae
889 2026 941 2091 ad
964 2026 1191 2092 articulos
1215 2049 1236 2092 a
1260 2023 1461 2110 spectabi-

348 2132 381 2196 li
414 2138 455 2196 et
487 2131 732 2215 magnifico
775 2132 948 2199 domino
992 2131 1222 2218 Stephano
1255 2131 1462 2212 Bochkai,

348 2238 491 2305 modio
526 2240 853 2324 spectabilium
894 2248 936 2308 et
975 2241 1327 2327 magnificorum
1359 2239 1396 2306 D.
1424 2237 1458 2302 D.

348 2345 853 2433 SigismundiRahoozy
878 2355 921 2415 et
944 2347 1166 2436 Stephani
1189 2349 1461 2437 Ojiackiprc·

348 2457 609 2539 positorum.

455 2563 551 2632 Vidit
569 2565 858 2632 excellentissimus
873 2566 915 2634 D.
932 2567 1093 2652 generalis
1110 2567 1275 2650 articulos,
1291 2587 1370 2652 quos
1382 2581 1456 2643 neg·
1498 2623 1499 2636 2

348 2671 463 2738 nifious
489 2672 637 2740 dominus
662 2670 798 2760 dyacky
815 2675 936 2760 attulit,
961 2697 1099 2760 cumque
1126 2697 1185 2759 pro
1202 2697 1261 2741 suo
1291 2677 1326 2740 in
1350 2690 1456 2754 rempn·
1498 2693 1499 2700 ¹

348 2781 470 2848 blicam
494 2781 718 2847 charissimam
744 2789 778 2847 et
802 2783 949 2849 inclitum
965 2783 1027 2850 hoo
1042 2805 1177 2868 regnum
1199 2805 1274 2848 vere
1289 2784 1341 2867 pio
1355 2776 1453 2845 affatu

347 2890 430 2955 nihil
455 2889 545 2956 aliud
568 2888 690 2955 habeat
714 2889 748 2954 in
773 2891 863 2976 votis,
889 2913 987 2976 quam
1005 2897 1043 2957 ut
1057 2892 1139 2957 hacc
1154 2892 1310 2958 instituta
1324 2884 1455 2956 tractetis

349 2998 389 3064 dc
404 2997 630 3082 pacificatione
641 3003 765 3082 quanto
782 2999 877 3064 citius
892 2999 936 3064 ad
950 2997 1047 3065 finem
1064 2999 1181 3068 deduci
1196 3001 1319 3084 possit:

456 3111 483 3173 1.
508 3105 703 3172 Praetendit
726 3113 763 3172 ut
778 3107 966 3190 spectabihs
987 3114 1020 3180 et
1045 3107 1235 3191 magnificus
1252 3107 1294 3173 D.
1320 3099 1453 3184 Boohhoi
1490 3117 1493 3152 ⁴

349 3216 462 3300 primo,
487 3221 521 3282 et
546 3221 721 3300 autequam
745 3215 789 3281 ad
803 3215 975 3283 ulteriores
991 3221 1154 3284 tractatus
1169 3214 1451 3289 condescendentis

349 3325 467 3391 milites
476 3345 550 3392 suos
560 3330 629 3390 tam
638 3324 783 3410 peonnijs
800 3323 985 3408 conductos,
1002 3345 1101 3408 quam
1117 3347 1138 3390 a
1153 3325 1359 3392 comitatibus
1370 3323 1398 3388 in
1409 3339 1451 3384 ar-

349 3433 464 3499 xilinm
487 3433 611 3516 missos,
636 3433 692 3516 qui
716 3433 750 3498 in
766 3451 857 3498 arces
873 3432 1000 3517 aliquas
1015 3432 1092 3501 hinc
1107 3431 1184 3497 inde
1200 3432 1396 3510 obsederunt,
1407 3428 1451 3490 its-

350 3562 423 3608 rum
432 3547 569 3624 revocet,
580 3545 612 3606 et
622 3539 726 3605 dictas
736 3561 828 3606 arcos
837 3561 965 3626 pressas
982 3540 1150 3608 obsidione
1165 3539 1293 3623 liberet,
1310 3561 1368 3626 quo
1381 3552 1449 3620 pras

350 3650 473 3735 sidiarij
500 3669 576 3715 suae
599 3648 780 3714 maiestatis
795 3647 915 3715 milites
930 3649 965 3713 in
979 3649 1021 3733 ijs
1038 3649 1209 3714 constituti
1224 3647 1360 3714 liberam
1371 3647 1449 3726 inme

350 3757 459 3825 diendi
484 3764 517 3824 et
541 3755 727 3840 egrediendi
750 3754 941 3823 facultatem
965 3755 1117 3824 habeant
1142 3754 1302 3822 Similiter
1327 3747 1447 3822 ntdcni·

349 3887 410 3934 nus
436 3864 596 3951 generalis
630 3863 797 3949 praedicto
823 3864 923 3932 liceat
948 3864 1059 3932 decem
1083 3865 1135 3930 vel
1160 3863 1334 3930 duodecim
1354 3857 1448 3946 equus

350 3972 538 4060 Tookayum
547 3972 598 4038 rel
618 3971 661 4038 ad
676 3971 742 4038 alia
756 3972 830 4038 loca
845 3973 983 4056 mittere,
1000 3994 1064 4057 quo
1082 3972 1121 4039 de
1138 3978 1228 4039 statu
1243 3971 1370 4039 illorum
1381 3983 1446 4052 prat

349 4081 556 4150 sidiariorum
580 4081 842 4148 informationem
868 4081 988 4148 habere
1012 4083 1125 4166 possit.
1150 4081 1225 4146 Illis
1251 4101 1326 4146 vero
1352 4077 1445 4145 saluum

349 4191 545 4259 conductum
570 4198 603 4256 ct
626 4191 738 4256 literas
766 4191 1019 4257 assecuratcrias
1045 4189 1133 4256 idem
1148 4189 1190 4254 D.
1207 4179 1444 4275 Bocslraydabit

348 4301 475 4385 hucque
494 4300 702 4382 transmittet,
719 4319 784 4382 quo
809 4318 920 4365 secure
946 4303 979 4364 et
993 4304 1065 4365 tuto
1082 4305 1150 4365 tam
1166 4318 1203 4364 eo
1219 4299 1276 4380 ire,
1292 4317 1383 4382 quam
1392 4286 1444 4359 inde

348 4408 454 4474 redire
469 4407 604 4491 possint.

456 4515 503 4580 IL
528 4513 577 4584 Vt
600 4515 751 4602 iniungat
774 4515 978 4598 haidonibus,
1004 4535 1178 4599 eorumque
1204 4513 1405 4597 complicibus,
1415 4519 1440 4568 11⁶

350 4621 536 4690 oiritatibus
546 4624 708 4691 montanis
724 4623 814 4692 ultra
829 4621 1012 4690 molestiam
1029 4623 1174 4707 aliquam
1189 4620 1240 4687 vel
1257 4622 1321 4687 rim
1338 4615 1441 4687 ineant
