3042 5404
305 427 369 490 236
680 436 801 486 aonium
816 435 1069 488 omrtnnrttansar.

413 601 448 690 5)
465 602 591 670 Oiuitas
622 600 820 670 Ueronensis
849 605 885 668 in
915 603 1026 688 spacio
1058 603 1158 672 trium
1184 604 1437 689 septimanarum
1506 629 1508 679 a

233 695 238 704 ¹
303 712 494 796 octuaginta
508 711 613 778 millia
627 709 795 796 florenum,
818 711 867 778 uti
886 715 985 778 antea
1000 711 1068 777 illis
1092 733 1152 796 pro
1177 711 1303 778 mulcta
1318 711 1440 796 injunc·
1509 728 1510 794 p

303 823 381 886 tuna
406 819 463 885 Ita
494 824 528 884 et
558 816 838 904 Claudiopolitani
878 819 1088 904 septuaginta
1128 819 1234 884 millia
1265 819 1437 904 deponent
1507 807 1511 897 l

303 925 434 994 Mulota
447 927 648 1013 reliquarum
665 927 831 994 ciuitatum
857 931 1042 996 reservatur
1058 926 1102 994 ad
1115 927 1352 994 resolutionem
1368 944 1441 991 ansae
1504 918 1511 999 i

304 1035 495 1122 majestatie.

415 1140 449 1228 6)
467 1139 634 1226 Civitates,
651 1163 735 1228 qnae
760 1165 795 1210 se
810 1141 960 1210 infideles
980 1141 1200 1210 exhibuenmt
1215 1141 1357 1228 posthac
1372 1139 1440 1206 nul·

304 1252 371 1317 lam
385 1250 555 1318 habebunt
578 1255 776 1336 potestatem
796 1249 925 1338 judices
951 1257 985 1318 et
1000 1255 1177 1334 senatores,
1194 1251 1265 1316 sine
1282 1269 1441 1317 consensu

304 1358 532 1442 gubernatoris
548 1358 698 1442 eligendi·
722 1359 779 1426 Ita
802 1381 907 1446 neque
933 1360 1040 1426 claves
1055 1381 1222 1426 reservare
1237 1380 1298 1444 per
1312 1362 1441 1424 noctem
1512 1399 1515 1442 ξ

305 1457 676 1552 civitatum'portarum,
701 1467 759 1536 sed
783 1469 825 1534 ad
851 1489 967 1534 manus
996 1469 1169 1553 capitanei,
1188 1469 1239 1534 uti
1263 1465 1440 1550 unicunque
1513 1505 1515 1548 :

59 1655 60 1662 ἵ
184 1617 186 1620 -
306 1573 429 1640 civitati
446 1574 579 1658 quidam
596 1580 703 1644 certus
719 1575 951 1659 nominabitur,
968 1576 1216 1660 consignabant

413 1677 448 1768 ⁷)
464 1681 695 1767 Unusquisque
720 1682 879 1749 nobilium
906 1684 963 1768 qui
979 1689 1221 1768 conparuerunt
1234 1683 1326 1750 hisce
1344 1679 1440 1747 comi·

305 1789 369 1871 tiis,
384 1789 523 1875 posthac
539 1790 668 1857 litteras
685 1791 941 1876 protectionales
965 1791 1087 1858 domini
1113 1793 1276 1876 generalis
1291 1811 1393 1878 penes
1408 1809 1439 1853 se
1506 1784 1515 1866 l

305 1896 447 1981 habebit,
463 1917 504 1963 ne
520 1899 592 1982 quis
607 1921 668 1983 pro
684 1897 809 1965 infideli
824 1899 987 1966 habeatur
1003 1905 1037 1966 et
1051 1901 1210 1986 patiatur.
1513 1871 1515 1898 ¹

414 2029 618 2104 (Saamoskbay
634 2031 706 2089 altat
730 2039 792 2090 vett
808 2033 939 2090 mateolat.
964 2035 1123 2106 Budapesti
1138 2035 1281 2108 egyetami
1297 2027 1439 2106 kcnyvttr
1507 2087 1515 2120 ,ἴ

306 2122 411 2178 cedere
425 2121 485 2178 MS.
501 2121 562 2178 TT.
579 2121 738 2182 Transsilv.
754 2123 891 2180 LXVIII.
910 2125 983 2182 319.
1000 2120 1100 2195 (181.)
1514 2121 1515 2124 ’

853 2263 871 2325 b

744 2389 841 2451 1603.
860 2259 944 2452 0)l(‘t
971 2389 1004 2450 2.

482 2519 571 2574 Basa
585 2521 714 2576 renddctc
730 2541 748 2576 a
755 2521 891 2592 jeacscibib
905 2520 1121 2592 ladrpo'toltatciac
1136 2523 1260 2592 stapelen.

415 2633 576 2721 Georgius
590 2637 695 2704 Basta
710 2661 817 2706 comes
832 2641 867 2705 in
882 2637 974 2706 Huat
990 2640 1052 2706 stb.
1511 2719 1515 2734 .

414 2739 576 2826 Quoniam
591 2745 760 2814 ecclesiam
774 2768 834 2831 pro
850 2747 987 2814 eeclesia
1002 2767 1024 2812 a
1047 2747 1139 2813 vobis
1156 2746 1326 2813 destructa
1340 2767 1368 2812 r.
1384 2765 1436 2830 pa·
1513 2761 1515 2838 3

308 2851 413 2916 tribus
438 2852 604 2919 societatis
628 2850 654 2919 J
655 2875 711 2919 ssu
726 2854 965 2939 ¹possidendam
989 2853 1138 2921 dedimus
1166 2861 1198 2921 et
1214 2856 1436 2932 consensimus,
1513 2879 1515 2942 ρ

309 2981 410 3044 quare
425 2982 553 3028 neeesse
579 2967 629 3028 est
652 2963 761 3028 omnia
786 2961 949 3047 adiuncta
975 2983 1060 3048 quae
1085 2967 1183 3030 antea
1207 2963 1309 3048 fuere,
1325 2963 1436 3030 adiun-

309 3073 428 3152 gantur
467 3069 565 3136 ctiam
604 3070 639 3134 in
677 3071 849 3154 praesenti.
883 3070 964 3137 Ideo
995 3070 1086 3137 vobis
1121 3071 1226 3156 judici
1258 3076 1292 3138 et
1318 3067 1435 3156 juratis
1513 3127 1515 3142 ,

310 3175 436 3244 ciuibus
451 3177 653 3244 authoritate
669 3197 689 3241 a
705 3175 808 3244 Sacra
824 3175 987 3245 Caesarea
1010 3181 1167 3263 regiaque
1182 3177 1359 3246 Maiestate
1374 3176 1437 3263 ple
1513 3169 1515 3248 ἶ

310 3283 568 3370 nipotentialiter
591 3285 671 3350 mihi
696 3285 861 3352 attributa
885 3285 1034 3354 iubemus
1059 3292 1093 3352 et
1107 3285 1309 3368 mandamus,
1324 3291 1435 3353 utnon

311 3392 513 3460 solummodo
529 3392 759 3478 molendinum,
774 3393 832 3459 sed
857 3393 957 3460 etiam
971 3393 1094 3477 hortos,
1109 3395 1228 3477 uncas,
1245 3402 1279 3460 et
1294 3394 1360 3461 alia
1374 3413 1435 3458 om·
1513 3411 1515 3426 ²

310 3503 366 3569 nia
381 3501 424 3569 ad
448 3499 579 3569 domum
603 3501 825 3587 parochialem
840 3507 873 3567 et
888 3502 1058 3568 ecclesiam
1082 3501 1280 3586 pertinentia
1304 3503 1435 3586 volper-

311 3611 414 3678 tinere
430 3609 589 3692 debentia,
604 3611 810 3698 presentibus
825 3609 914 3694 uisis,
923 3609 1080 3695 praefatis
1088 3607 1278 3677 reuerendis
1292 3607 1435 3695 patribus
1513 3679 1515 3690 Ι

311 3721 485 3804 remittere,
500 3726 534 3786 et
549 3719 592 3786 ad
606 3740 722 3786 manus
738 3718 825 3802 dare,
840 3717 945 3784 modis
961 3717 1111 3784 omnibus
1122 3717 1268 3784 debeatis
1284 3725 1318 3785 et
1333 3724 1434 3784 tenea·
1513 3701 1515 3722 ³

311 3829 398 3911 mini,
413 3849 473 3895 neo
488 3849 579 3894 secus
594 3827 717 3912 absque
732 3827 919 3913 gravissima
933 3825 1169 3912 indignationis
1192 3833 1226 3892 et
1242 3827 1434 3892 animadver-
1512 3833 1515 3900 g

312 3938 410 4004 sionis
424 3941 555 4003 nostrae
570 3955 676 4020 poena
690 3935 797 4002 Iacere
812 3935 883 4001 ausi
900 3934 971 4002 sitis
986 3934 1083 4000 mode
1099 3933 1243 4020 aliquali.
1259 3932 1361 4002 Secus
1375 3951 1433 4000 non

312 4045 440 4112 facturi.
456 4045 581 4110 Datum
597 4064 637 4109 ex
652 4039 778 4110 Castris
787 4043 831 4110 ad
841 4041 990 4109 Massiua
1004 4043 1119 4128 positia
1135 4041 1188 4109 die
1198 4043 1340 4110 secunda
1355 4062 1433 4110 men·
1514 4085 1515 4090 κ

313 4153 357 4221 sis
372 4149 535 4238 Octobris,
551 4172 635 4220 anno
652 4151 774 4218 demini
789 4151 960 4218 millesimo
977 4151 1211 4218 sexcentesimo
1227 4153 1336 4218 tertio.

422 4259 463 4330 G.
478 4260 591 4329 Basta

420 4382 522 4437 aaut:
544 4377 641 4436 «ludici
664 4377 798 4452 primerio
831 4377 1007 4450 caeterisque
1037 4377 1143 4450 janctis
1175 4375 1285 4432 ciuibus
1317 4371 1433 4432 ciuitatis
1514 4373 1515 4386 ¹

314 4470 545 4528 Colosuariensis.

460 4593 616 4668 (Eredetijo
631 4596 764 4651 Kobavar
780 4597 860 4653 odroc
874 4597 956 4652 liban.
972 4591 1066 4666 (Face.
1090 4595 1145 4650 III.
1162 4595 1220 4649 Nro
1238 4589 1298 4664 62.)
1319 4653 1325 4662 ι
