3042 5404
507 505 599 564 1603.
614 508 728 564 aarum
1124 497 1186 566 189

60 680 320 764 acpopularetur,
336 687 560 764 tristaretque3
577 679 655 744 dum
671 677 775 744 eidem
791 679 1029 746 illustrissimae
1044 679 1188 746 domina·

61 787 148 851 tionis
170 793 297 854 vestrae
321 788 510 854 nunciatum
526 785 560 852 id
576 785 699 868 luisset,
715 785 900 870 prohibuit:
918 788 1095 854 exercitum
1111 809 1187 854 vero

61 894 223 960 collectum
254 894 354 960 dividi
378 901 412 960 et
436 896 470 960 in
495 893 632 960 hiberna
656 893 832 960 concedere
852 895 961 979 jvusit,
987 903 1020 962 et
1035 893 1187 962 Marcum

61 999 223 1084 vajvodam
248 1001 292 1067 ad
316 1023 350 1067 se
365 1003 516 1084 accitum,
531 1001 652 1067 ibidem
670 999 818 1066 detinuit.
834 1000 888 1066 Ex
905 1001 1023 1086 quibus
1038 1003 1189 1088 princeps

60 1114 160 1173 noster
175 1131 214 1174 ac
228 1110 386 1193 dominus,
401 1131 468 1176 non
483 1109 545 1174 nisi
560 1108 799 1176 illustrissimae
814 1108 1044 1176 dominationis
1059 1117 1187 1178 vestrae

62 1213 311 1282 benevolentiam
336 1225 369 1282 et
393 1216 522 1282 illibata
546 1217 723 1282 vicinitatis
747 1215 880 1283 foedera
895 1239 1022 1284 servare
1038 1227 1188 1286 cenatmu

1 1355 2 1372 ι
61 1325 417 1410 Quclbgerepobrit
429 1321 531 1410 liujus
547 1325 690 1390 animum
707 1324 750 1390 ob
765 1345 820 1390 eas
836 1347 950 1392 causas
965 1327 1186 1396 illustrissima

62 1431 232 1499 dominatio
257 1440 374 1516 vestra,
399 1433 447 1498 ita
471 1431 618 1517 inprimis
642 1453 754 1498 sacrae
774 1453 944 1498 caesarme
960 1435 1133 1519 majestati,
1149 1458 1188 1503 ac

63 1539 202 1606 omnibus
217 1541 346 1626 imperii
362 1537 538 1622 ordinibus,
570 1538 685 1604 deinde
701 1561 777 1607 vero
793 1539 855 1605 sibi
870 1539 1022 1624 devinxit
1038 1549 1075 1609 ut
1090 1545 1188 1628 maje-

62 1655 173 1715 statem
190 1651 260 1735 ejus
275 1652 414 1716 maxime
438 1657 625 1715 revereatur
648 1657 682 1715 et
706 1649 899 1735 dignitatem
914 1651 1073 1734 ordinum,
1088 1633 1188 1736 atqie

1 1801 2 1812 ι
64 1757 291 1826 illustrissimae
317 1756 547 1824 dominationis
562 1763 697 1842 vestrae,
712 1759 869 1844 majorem
883 1759 918 1825 in
933 1757 1065 1824 modum
1081 1759 1188 1826 obser·

1 1941 2 1959 χ
64 1870 119 1948 vet,
141 1871 176 1930 et
197 1873 326 1934 tantum
346 1865 448 1950 abest,
463 1873 501 1932 ut
517 1865 781 1951 Transylvaniae,
796 1873 856 1933 aut
870 1866 1052 1936 Valachiae
1068 1867 1188 1932 Trans-

1 1965 2 2030 ἶ
65 1972 186 2056 alpinae
200 1996 325 2059 nocere,
356 1975 406 2040 vel
423 1977 490 2040 suis
506 1973 676 2041 conatibus
691 1975 818 2061 imperii
833 1975 1040 2060 majestatem
1056 1973 1188 2040 taedere

65 2081 143 2164 velit
158 2087 196 2147 ut
210 2083 309 2148 ctiam
324 2083 359 2148 in
375 2082 526 2149 omnibus
540 2081 695 2168 adjuvare
710 2104 771 2168 pro
787 2079 910 2148 vicibus
926 2083 1058 2148 nitatur.

269 2260 704 2348 Responsiodomini
728 2263 970 2348 generalis.

161 2385 256 2454 Haec
286 2389 335 2454 ita
364 2357 536 2472 smsseset
567 2387 717 2456 Marcum
748 2389 919 2475 vajvodam
944 2411 1017 2455 cum
1043 2385 1187 2453 exercitu

66 2491 255 2562 Moldaviem
271 2495 423 2562 invadere
439 2495 600 2580 statuisse,
610 2495 818 2564 manifestum
833 2503 890 2564 est
902 2493 998 2580 Quod
1013 2517 1087 2561 cum
1096 2495 1189 2560 intel·

1 2667 2 2676 ,
66 2598 239 2668 leximemus
254 2607 290 2668 et
305 2624 377 2670 eum
401 2604 603 2688 aproposito
619 2603 737 2671 dimovi
753 2609 787 2670 et
801 2605 978 2670 exercitum
994 2603 1037 2670 ad
1052 2603 1189 2670 hiberna

1 2757 2 2804 3
66 2705 181 2794 deduxi,
191 2711 339 2794 quamvis
349 2709 468 2796 dejure
484 2733 549 2778 nou
564 2717 693 2778 tautum
708 2711 859 2778 Marcum
875 2709 1044 2796 vojvodam
1059 2709 1186 2796 ingredi

1 2881 2 2884 ,
67 2811 137 2882 fines
159 2816 388 2884 Moldavorum
420 2819 609 2904 permittere
633 2818 825 2902 debuissem,
850 2839 962 2884 verum
987 2819 1086 2885 etiam
1111 2819 1188 2903 ipse,

67 2943 131 2988 cum
154 2925 302 2992 omnibus
327 2947 405 2992 suae
421 2927 601 3012 majestatis
625 2927 727 3012 copiis
742 2925 896 2992 invadere
911 2927 1099 3012 potuissem,
1114 2947 1188 2992 cum

1 3038 2 3060 ¹
67 3031 274 3100 sslmtrissima
298 3053 358 3100 sua
372 3033 550 3103 dominatio
566 3033 720 3102 adversus
736 3035 988 3102 sacratissimam
1004 3054 1188 3100 caesaream
1283 3027 1289 3036 “

68 3141 268 3226 majestatem,
283 3149 382 3227 atque
406 3142 488 3210 adeo
512 3143 747 3229 rempublicam
766 3141 976 3210 christianam
990 3143 1095 3208 multa
1110 3141 1188 3208 dcli-

68 3251 171 3331 querit
194 3249 243 3316 Et
265 3251 407 3336 primum
432 3249 562 3336 quidem
595 3258 711 3320 contm
733 3252 984 3320 sacratissimam
1003 3271 1188 3318 caesaream

1 3347 2 3354 '
69 3358 270 3442 majestatem,
289 3357 359 3444 ejus
375 3357 514 3426 inimicis
528 3359 779 3446 rebellibueque,
795 3380 905 3427 omncs
922 3359 1034 3444 copias
1049 3379 1088 3425 ac
1103 3359 1187 3424 vires

69 3465 216 3552 attribuit,
235 3488 318 3552 quas
335 3465 379 3534 ad
394 3464 623 3534 Gorosloviam
639 3489 712 3535 cum
728 3489 840 3535 earum
856 3467 980 3552 ingenti
996 3465 1098 3550 clads,
1114 3486 1188 3551 pro·

70 3577 133 3655 pter
154 3575 293 3660 injustas
311 3573 391 3641 belli
424 3596 552 3661 causas,
581 3573 699 3642 vindex
732 3581 766 3642 at
796 3573 952 3662 perfidiae
981 3573 1078 3658 ultor,
1109 3571 1188 3638 deus

1 3679 2 3766 j
70 3683 190 3761 punivit

1 3783 2 3786 '
161 3791 291 3858 Deinde
314 3814 399 3859 anuo
418 3797 501 3859 1601
522 3791 574 3860 die
589 3793 668 3860 item
683 3793 790 3878 prima
804 3790 977 3858 Februarii
993 3789 1036 3857 ad
1052 3789 1184 3858 comitia

1 3915 2 3970 l
73 3899 225 3976 generalia
233 3899 266 3966 in
278 3901 410 3968 civitate
421 3899 659 3968 Oolosvariensi
669 3899 784 3967 habita
793 3899 992 3967 Damiauum
1009 3899 1189 3968 Visterium

71 4003 98 4068 in
118 4007 277 4092 legatione
301 4011 399 4092 misit,
415 4011 508 4096 cujus
524 4011 695 4096 legationis
711 4030 837 4076 summa
852 4014 931 4092 erat,
948 4007 1189 4092 Transylvanos

1 4134 2 4186 i
72 4112 165 4182 atde
189 4139 266 4185 suae
291 4119 473 4204 majestatis
498 4118 686 4202 desciscere,
712 4124 746 4184 et
763 4117 878 4184 Turcis
895 4116 1071 4183 adhaerere
1087 4115 1190 4180 tutius

1 4249 2 4252 ¹
73 4239 138 4307 tete,
167 4246 250 4309 quae
275 4227 303 4292 si
326 4225 482 4311 facerent,
508 4227 631 4293 auxilio
658 4247 692 4292 se
717 4226 783 4292 illis
799 4225 946 4291 futurum
962 4222 1189 4310 pollicebatur.

1 4335 2 4382 ἶ
73 4323 183 4410 Quibus
207 4329 357 4401 effectum
381 4339 439 4418 cst,
457 4340 495 4400 ut
511 4333 718 4401 Transilvani
743 4331 930 4415 deficerent,
945 4335 980 4396 et
994 4329 1096 4413 aliqui
1112 4327 1189 4394 fide-

1 4494 2 4499 ,
73 4434 223 4507 lomense
237 4443 420 4527 majestatis
435 4442 469 4508 in
484 4442 613 4508 vincula
629 4441 777 4526 conjecti,
795 4459 940 4506 carceres
956 4437 1189 4524 experirentur,

74 4549 102 4610 et
123 4567 178 4632 ego
193 4549 363 4618 abdicatus
379 4573 419 4616 ex
435 4549 663 4617 Transilvania
679 4548 874 4615 decederem.
891 4547 965 4613 Hoc
981 4565 1109 4630 quoque
1124 4565 1190 4609 nou

1 4646 3 4689 l
74 4659 216 4734 praeterit
230 4657 482 4725 illustrissimam
498 4658 750 4754 dominationem
770 4677 862 4722 suam
880 4655 1026 4720 Michael
1043 4651 1188 4738 vojvoda,
