3032 5418
515 511 609 567 1605.
630 527 692 564 aaa.
713 511 763 565 23.
1141 505 1204 566 395

66 680 146 744 mini
163 679 376 747 Balthasaris
390 679 516 747 Kornis
531 681 585 746 hic
600 680 661 747 sub
677 678 720 746 A.
736 683 910 765 petitiones
919 682 983 748 hcc
998 681 1137 765 benigne
1149 705 1205 747 an·

66 790 186 872 ruisse,
212 796 249 855 ut
274 789 362 856 bona
386 791 448 874 ipsi
464 791 497 855 in
514 789 750 875 Transylrania
765 814 786 856 a
802 790 975 875 magnifica
991 790 1120 858 domino
1137 789 1202 857 Ge-

67 897 159 980 orgia
188 895 293 962 Basta
318 899 443 964 collata
467 903 501 963 et
526 919 679 965 concessa
695 897 926 966 confirmentur
943 905 976 965 et
993 901 1062 984 ipse
1078 900 1114 964 in
1130 921 1205 982 pcs·

67 1005 209 1070 sessione
234 1006 365 1072 illorum
381 1007 578 1073 stabiliatur.
603 1007 733 1073 Deinde
757 1013 795 1073 ut
811 1009 1001 1092 capitaneus
1018 1005 1204 1073 Siculorum

68 1113 165 1178 sicuti
176 1115 335 1180 hactenus
362 1115 435 1198 suit,
451 1117 654 1200 inposterum
679 1123 878 1200 permaneat,
894 1121 992 1200 prout
1023 1115 1085 1181 hoc
1100 1137 1139 1180 ex
1155 1137 1204 1180 re-

69 1243 189 1304 sponsa
213 1222 273 1289 sub
298 1223 338 1289 B.
365 1245 403 1290 ex
423 1246 552 1290 camera
567 1225 674 1291 aulica
696 1223 758 1308 ipsi
775 1222 853 1290 dato
883 1224 983 1290 latius
998 1224 1138 1308 intelligi
1153 1245 1208 1307 pc·

69 1332 159 1396 terit„

178 1455 233 1522 Ela
240 1461 377 1542 propter
386 1455 504 1522 debere
513 1457 618 1540 ipsam
634 1457 863 1522 cancellariam
878 1455 1103 1542 Hungaricam
1120 1457 1208 1523 dicto

72 1561 202 1630 dominc
227 1562 419 1630 Balthasari
444 1564 571 1631 Koruis
596 1565 726 1630 litteras
751 1563 1046 1634 confirmationales
1062 1565 1104 1630 ad
1122 1565 1208 1630 diem

73 1671 216 1755 aliquam
241 1674 319 1738 anni
344 1675 515 1756 praeteriti
541 1673 702 1739 millesimi
719 1675 829 1757 quarti
846 1683 921 1739 ante
938 1681 1043 1740 ortam
1059 1673 1208 1741 rebellio·

74 1800 145 1846 nem
170 1779 408 1847 Bctzkaianam
422 1804 519 1866 super
534 1781 656 1847 talibus
673 1781 765 1846 bonis
782 1787 815 1846 et
829 1781 1039 1865 capitaneatu
1055 1787 1093 1846 ut
1109 1784 1208 1847 moris

75 1893 123 1952 est
147 1890 298 1973 expedire
324 1895 357 1954 et
373 1891 434 1974 ipsi
451 1890 633 1956 extradere.
650 1887 787 1956 Facturi
803 1890 837 1955 iu
854 1889 916 1954 hoc
932 1911 1008 1955 suae
1026 1891 1208 1956 maiestatis

78 1996 266 2064 clementem
286 1998 497 2064 voluntatem.

181 2126 233 2192 Ex
250 2149 380 2194 camera
396 2125 519 2193 Auliea
536 2129 587 2192 18.
603 2123 749 2210 Augusti
764 2122 869 2194 DOV.

857 2249 936 2316 Polt
951 2247 998 2336 (Ρ)
1015 2273 1056 2316 m.
1072 2272 1103 2334 p.

1 2445 2 2470 ἶ
184 2387 322 2441 Kitlcra'm:
348 2382 394 2439 Aa
419 2383 618 2441 cancellariam
649 2384 852 2456 Hungaricam.
884 2384 1038 2440 Redditum
1072 2383 1121 2440 18.
1152 2380 1210 2436 Au·

1 2494 2 2540 3
81 2475 155 2544 gusti
171 2477 241 2533 605.
1022 2473 1059 2530 Η.
1075 2473 1102 2528 J.

182 2622 305 2691 Jegyael:
324 2619 351 2674 Α
376 2619 542 2674 Kornisnak
567 2620 648 2674 adott
682 2618 850 2689 magerlr'sitc'
877 2617 988 2676 aklevsil
1016 2618 1210 2692 iogalmazata

92 2708 278 2783 1604.azept.
296 2709 392 2768 ao-iki
413 2709 570 2766 datummal
581 2707 732 2766 allittatott
743 2709 780 2766 ki.

1 2809 2 2823 ἵ
386 2831 425 2906 (Α
440 2832 518 2892 bessi
533 2835 662 2892 kamarai
672 2835 761 2891 ltban.
777 2834 851 2892 Sicb.
867 2831 944 2906 Aet.)

584 3057 703 3130 XXV.

499 3209 594 3272 1605.
619 3227 710 3291 auge
737 3212 788 3271 23.

153 3361 173 3413 A
199 3363 316 3417 rimidrui
331 3361 413 3430 eajdc
429 3361 543 3430 trulcljcu
560 3362 627 3431 lrogy
642 3381 674 3416 az
689 3361 824 3431 Erdelybe
832 3363 901 3432 joiri
907 3363 1097 3432 fejedelemlrcz
1106 3363 1146 3432 sc'‘

534 3453 633 3506 Ῐεϋυείθί
650 3453 763 3508 Ῐαῖἰίίὀά.

187 3585 211 3652 J
213 3587 350 3654 eremias
359 3585 499 3671 Mogilla
509 3587 560 3654 dei
570 3589 679 3672 gratia
688 3589 838 3674 princeps
848 3609 887 3654 ac
902 3586 1017 3654 haeres
1033 3593 1210 3674 perpetuus

92 3693 272 3762 Moldaviae.

187 3801 352 3872 Generosa
362 3804 490 3870 domine
500 3804 602 3870 vicine
612 3804 705 3871 nobis
723 3803 920 3888 honorande,
937 3804 1078 3869 salutem
1095 3809 1127 3870 et
1143 3826 1210 3871 om-

93 3913 360 3978 nemfelicitatem.
370 3910 503 3977 Mostan
519 3933 556 3978 az
572 3909 742 3997 fejedelem
759 3915 778 3978 ὁ
794 3911 922 3996 selstge,
938 3911 1023 3996 hogy
1040 3911 1092 3978 ide
1109 3933 1209 3978 szom·

93 4021 344 4107 sredstgunlrban
366 4021 457 4107 jtjen
476 4043 549 4086 uem
565 4021 687 4105 tuttulr,
703 4027 787 4086 mert
803 4021 968 4087 hallottuk
984 4021 1058 4087 vala
1075 4042 1112 4087 az
1128 4020 1211 4088 elctt

90 4128 233 4215 jiretelit,
258 4131 298 4196 de
315 4129 417 4196 akkor
433 4133 451 4194 ὅ
468 4129 588 4214 felsege
605 4129 634 4194 el
651 4151 724 4195 nem
736 4131 820 4214 jiive.
836 4127 970 4194 Mostan
988 4151 1024 4194 az
1041 4129 1210 4195 secretari-

94 4240 233 4307 usunktcl
244 4261 282 4304 az
298 4237 490 4323 magyartcl,
506 4237 556 4302 kit
572 4237 635 4304 oda
651 4240 669 4302 ὅ
685 4237 866 4320 selsegehcz
881 4236 1079 4304 killdettiinlr
1095 4237 1128 4302 lri
1138 4237 1212 4304 vala

93 4346 227 4415 Kamara
242 4369 316 4430 meg
340 4391 752 4412 ..............
776 4345 862 4430 hogy
890 4343 1084 4411 Oolcsvarra
1106 4343 1212 4430 bejiitt

94 4477 186 4522 canan
211 4459 230 4522 ὃ
256 4453 377 4538 felsege
393 4451 565 4539 Megyesre
581 4460 679 4538 ment,
704 4453 789 4538 hogy
805 4475 842 4518 az
858 4457 1009 4537 orsztgat
1023 4451 1211 4518 behirdesse

93 4566 249 4648 gyrilesbe3
268 4563 345 4648 adja
361 4585 397 4629 az
414 4565 546 4648 mistas,
577 4563 663 4648 hcgy
679 4564 768 4629 mind
783 4562 963 4648 bejtvetele
981 4565 999 4627 6
1015 4561 1210 4645 felsegenek,

0 4723 1 4750 1
95 4695 107 4738 1
128 4674 211 4740 mind
235 4673 430 4740 kimenetele
451 4673 565 4758 legyen
581 4672 689 4756 bcdcg
705 4675 738 4738 (11
751 4672 786 4757 jc
803 4675 989 4736 szerencses.
1005 4670 1055 4735 Mi
1072 4692 1105 4735 es
1121 4672 1211 4736 azert
