3032 5418
341 483 404 544 382
712 493 830 542 sunem
846 491 1100 544 cnsmccromscc.

339 663 374 726 ts
404 657 538 726 minden
568 657 727 741 gratiam
758 659 967 728 exclnsflrtn
997 681 1071 744 meg
1085 661 1113 726 is
1143 659 1312 746 buntetjuk
1333 656 1438 726 tudens

338 775 492 942 muntdt
506 875 589 942 bene
604 876 720 942 valeat
745 875 871 944 Datum
887 899 928 942 ex
953 875 1073 961 oppido
1089 874 1206 944 Scekel
1221 874 1387 960 Vasti-hely
1399 875 1440 942 die

341 991 383 1052 25
399 983 529 1070 Aprilis
545 1005 631 1051 auno
650 987 745 1050 1605.

1014 1091 1190 1160 Ledislaus
1209 1091 1356 1179 Gyulsffi.

451 1229 650 1300 Oldcljcpput:
669 1227 725 1283 Est
748 1228 898 1285 Transner
927 1224 1105 1286 Lukdcsnak
1129 1229 1195 1298 irts,
1211 1245 1281 1285 esen
1294 1226 1442 1284 torminis

342 1323 414 1376 ttbb
430 1319 622 1376 nemcseknek
637 1319 671 1375 is.

338 1431 530 1498 (Sscmorkezq
545 1429 615 1482 oleat
639 1437 689 1482 rste
713 1427 836 1482 micolct
862 1427 1020 1498 Budspesti
1045 1423 1442 1501 numerumnunerum.

715 1517 934 1574 Trausilvauica
952 1515 1103 1588 LXVIII.)

883 1709 918 1791 b)

776 1837 871 1900 1605.
887 1857 919 1900 m
929 1840 950 1902 a
955 1837 981 1920 j.
1009 1843 1038 1902 l.

445 1961 621 2028 ladislaus
636 1959 790 2048 Giwlaff'y'
815 1961 856 2028 de
880 1960 1037 2046 Ratooth‚
1061 1962 1273 2028 illustrissimi
1299 1960 1446 2026 dominiet

336 2069 458 2136 domini
473 2067 632 2153 Stephani
648 2067 807 2155 Bochkai
816 2069 858 2136 de
868 2067 1057 2155 Kysmaris,
1072 2069 1230 2154 principis
1238 2069 1332 2154 regni
1346 2067 1445 2135 uam

335 2177 502 2263 syluaniae
518 2182 578 2242 etc
603 2173 827 2262 consiliarius,
851 2198 910 2263 per
936 2176 1225 2262 Transsylusuiam
1240 2177 1394 2260 generalis
1406 2195 1447 2241 ca·

335 2287 494 2371 pitanens,
509 2291 543 2350 et
568 2303 674 2350 comes
699 2285 873 2352 comitatus
897 2283 1199 2352 Zolnokmediocris
1216 2291 1280 2350 etc.
1296 2283 1447 2351 Prudenti-

336 2394 397 2461 bus
412 2400 448 2460 et
471 2392 712 2476 circumspectis
735 2392 892 2477 primario
917 2399 951 2458 et
965 2394 1056 2477 regio
1076 2392 1252 2479 judicibus,
1268 2393 1447 2476 caeterisque

332 2502 452 2586 juratis
468 2499 594 2566 ciuibus
609 2501 755 2566 ciuitatis
770 2497 943 2586 Ooloswar,
953 2501 1091 2569 salutem
1108 2506 1141 2566 et
1157 2501 1261 2567 nostri
1276 2499 1447 2567 beneuolsu

336 2607 657 2675 commendationem.
683 2603 865 2690 Quomiuus
891 2609 976 2674 cives
1001 2609 1134 2694 euobis,
1159 2610 1193 2674 in
1209 2608 1322 2675 future
1336 2606 1448 2674 comitis

335 2717 378 2782 ad
393 2723 546 2783 octauum
571 2715 657 2781 diem
681 2717 802 2782 mensis
817 2714 900 2803 Mai
925 2718 1108 2801 praesentis
1123 2717 1211 2801 anni,
1226 2717 1281 2783 hic
1297 2717 1330 2782 in
1345 2712 1447 2800 oppido

335 2825 460 2911 Zelely
475 2822 662 2909 Vaserheli
687 2823 890 2909 celebranda,
917 2823 1103 2892 destinandi
1128 2832 1162 2891 et
1177 2821 1376 2910 expediendi,
1390 2841 1448 2887 scre

333 2935 444 3001 itineri
459 2934 661 3000 committere
677 2939 711 2998 et
724 2953 833 2999 coram
849 2933 942 3001 uobis
959 2955 1146 3019 comparere
1156 2933 1324 3000 dubitent:
1340 2933 1448 3017 placuit

334 3045 427 3112 nobis
444 3067 499 3112 ecs
514 3049 582 3110 tam
599 3043 639 3109 de
664 3042 767 3110 libero
792 3066 899 3130 passu,
924 3068 1022 3131 quam
1047 3045 1204 3114 redeundi
1219 3049 1378 3131 potestate
1392 3061 1448 3107 cer-

334 3155 434 3221 tiores
456 3151 600 3219 reddere.
625 3147 817 3236 Quicunque
841 3153 952 3239 itsque
978 3155 1138 3222 communi
1163 3151 1318 3238 suffragio
1334 3155 1449 3217 senatus

335 3264 434 3330 vestri
450 3262 493 3328 ad
508 3281 568 3327 nos
583 3259 671 3326 missi
686 3267 720 3327 et
735 3261 878 3347 expediti
893 3264 1023 3349 fuerint,
1033 3285 1265 3346 assecuramus‚
1281 3259 1449 3328 affluamus

336 3391 400 3455 quc
416 3375 450 3435 et
465 3367 620 3434 certiores
644 3366 808 3434 reddimus
833 3370 972 3455 eosdem,
988 3370 1279 3455 quomodocunque
1296 3367 1449 3437 nobiscum

335 3478 552 3546 deliberatum
577 3482 611 3542 et
635 3476 831 3560 conclusum,
850 3484 1092 3566 tractatumque
1107 3479 1215 3562 fuerit,
1230 3479 1356 3545 nullum
1370 3499 1390 3544 s
1404 3496 1450 3541 uo

334 3586 384 3654 bis
399 3588 579 3674 periculum
603 3586 779 3671 imminere,
804 3586 862 3653 sed
877 3588 999 3656 liberos
1016 3594 1050 3655 et
1064 3597 1152 3656 tutos
1169 3588 1299 3656 eosdem
1314 3585 1448 3654 dimissu·

333 3719 397 3782 ros‚
412 3699 477 3766 imo
493 3695 685 3763 necessitate
702 3695 749 3760 ita
765 3696 960 3781 postulante,
977 3697 1017 3764 de
1033 3698 1147 3764 tutiori
1164 3717 1295 3782 quoque
1310 3695 1449 3762 cumides

331 3811 568 3892 prospecturus,
587 3809 685 3890 prout
700 3825 931 3892 assecuramus,
941 3804 1121 3891 affidamus,
1137 3813 1171 3872 et
1186 3808 1341 3874 certiores
1354 3802 1447 3872 reddi·

332 3937 412 3998 mus,
436 3915 551 3982 harum
576 3918 760 3980 nostrarum
785 3915 895 4000 vigore
921 3923 953 3983 et
968 3917 1154 3984 testimonio
1180 3917 1348 3982 literarum
1363 3911 1450 3980 medi·

333 4027 417 4090 ante.
433 4023 558 4088 Datum
583 4023 616 4088 in
641 4021 756 4088 castris
781 4021 823 4088 ad
840 4024 993 4109 oppidum
1019 4024 1134 4091 Zekeli
1148 4022 1335 4109 Vasarhsli
1349 4019 1452 4108 positis

334 4130 439 4214 prims
456 4131 507 4197 die
523 4133 641 4198 mensis
665 4130 755 4216 Mai.
780 4128 881 4198 Anno
896 4133 1017 4200 domini
1043 4132 1214 4201 millesimo
1230 4131 1451 4198 sexcentesimo

334 4240 458 4323 quinto.

442 4347 616 4416 Ladislaus
632 4345 758 4416 Giulafi
775 4371 816 4416 m.
836 4372 867 4435 p.
1174 4347 1225 4436 (P.
1241 4347 1302 4436 H.)

441 4467 561 4522 Kitlcztm
571 4487 581 4520 .·
600 4465 694 4522 1605.
710 4465 765 4520 Dic
781 4469 866 4525 tertiis
882 4469 986 4524 mensis
1002 4467 1071 4540 May
1088 4465 1230 4523 exhibitae
1249 4471 1316 4522 sunt
1332 4479 1451 4536 praeseu-

334 4563 377 4614 tes
393 4557 553 4630 praesentis
569 4555 734 4626 signaturae
750 4557 921 4617 testimonio.
1124 4557 1259 4613 Notarius
1276 4575 1312 4612 m.
1328 4575 1355 4627 p.

442 4663 597 4736 (Eredetije
615 4664 750 4720 Kolorrdr
770 4665 851 4720 coros
876 4669 1054 4724 restrueretur
1074 4670 1148 4736 suec.
1167 4667 1204 4719 ῙῙ.
1221 4665 1279 4719 Nrc
1297 4659 1356 4726 42.)
