3042 5404
316 509 383 574 244
692 519 812 568 nnotnrr
828 520 1073 568 orsrlocronssnr

316 686 519 770 benignitate
543 689 657 752 nostra
682 685 863 770 complecti,
888 689 926 751 ut
950 692 1019 752 tam
1043 687 1121 771 ipse,
1147 708 1247 771 quam
1262 686 1323 772 alij
1339 683 1445 751 fideles

251 817 253 827 ⁴
315 795 418 861 nostri
443 793 505 860 hoc
521 793 668 878 exemplo
684 793 817 859 inuitati
843 792 885 858 ad
900 792 1094 860 fidelitatem
1108 793 1203 861 nobis
1218 792 1446 878 praestandam

316 905 532 989 promptiores
556 910 590 970 et
614 903 792 969 alacriores
811 903 1001 988 reddantur,
1021 927 1060 970 ex
1076 911 1167 972 certa
1182 907 1331 989 scientis,
1347 905 1448 970 animo
1515 934 1517 944 ι

317 1011 507 1090 deliberato,
539 1033 618 1078 sano
635 1011 679 1076 ad
703 1010 738 1075 id
763 1011 936 1076 accedente
962 1013 1107 1096 oonsili0‚
1124 1017 1158 1078 et
1174 1013 1214 1078 de
1231 1019 1349 1080 nostra
1365 1017 1448 1096 pote

321 1123 416 1188 statis
446 1120 657 1205 plenitudine,
675 1119 761 1187 bona
791 1120 833 1188 N.
859 1142 942 1206 quae
966 1121 1036 1206 ipse
1062 1143 1121 1187 sua
1136 1122 1180 1188 ad
1195 1121 1307 1189 hostes
1324 1127 1449 1188 nostros

322 1229 504 1295 desectione
529 1234 644 1294 contra
667 1227 766 1294 fidem
790 1229 902 1294 datam
927 1231 1046 1312 amisit
1062 1235 1096 1294 et
1111 1232 1159 1295 sio
1189 1231 1233 1296 ad
1263 1230 1380 1297 fiscum
1398 1249 1450 1293 no

321 1342 474 1420 strum,et
484 1342 718 1420 consequenter
728 1337 1118 1404 concessionemnostram
1127 1338 1283 1404 devoluta
1291 1344 1452 1422 suntoum

230 1425 236 1436 ⁸
317 1444 465 1512 omnibus
490 1445 556 1510 suis
580 1444 780 1510 utilitatibus
806 1449 865 1510 etc
884 1441 933 1526 (A
950 1448 1032 1514 recti
1057 1449 1178 1534 caetetp
1205 1450 1392 1515 cltdrdselcen
1406 1447 1450 1512 a·-

315 1556 372 1620 odl
388 1578 427 1619 aa
442 1555 589 1620 cldbbiocl
605 1559 726 1642 egdezec
742 1554 966 1642 mepepyezilc.)

425 1687 465 1742 Aa
489 1689 574 1743 elatos·
596 1690 699 1743 edida:
723 1687 900 1744 Investitnra
924 1706 976 1758 pro
1001 1688 1156 1743 rebellibus
1172 1690 1407 1761 resipiscentibus
1423 1687 1450 1742 in

317 1778 539 1850 Transyluania.

426 1886 466 1940 Aa
480 1885 619 1940 radiabitur
635 1882 817 1942 Investiturc
832 1903 885 1958 pro
903 1885 1122 1958 Transylusnis.

435 2009 528 2083 (Mino
544 2029 562 2066 a
576 2012 657 2066 kettd
673 2011 895 2084 fogalmuzvdny
911 2030 929 2067 a
949 2011 1027 2068 bdcsi
1042 2032 1081 2069 os.
1098 2011 1163 2068 titk.
1180 2013 1212 2069 lt.
1228 2013 1338 2087 Hung.)

835 2217 935 2285 LIII.

751 2347 846 2411 1604.
863 2346 949 2430 jan.
971 2349 1023 2414 20.

459 2499 570 2569 Rudotf
583 2499 715 2553 utcsitdsa
731 2518 763 2554 aa
777 2499 913 2570 Erddlybe
927 2502 1032 2556 mecca
1046 2502 1165 2558 batocolr
1179 2505 1314 2562 ozdmdru.

427 2615 631 2700 Rudolphus.

428 2721 686 2788 Instructio
702 2721 868 2806 superbis,
878 2743 962 2806 quae
979 2728 1152 2792 strennuus
1162 2747 1201 2793 ae
1212 2726 1447 2813 egregiifideles

321 2831 414 2900 nobis
439 2831 550 2897 dilecti
574 2830 732 2897 Nicolaus
757 2853 777 2897 a
801 2832 976 2916 Burghaus
1001 2835 1036 2898 in
1063 2833 1178 2919 Stoltz,
1204 2835 1392 2922 Sobiltperg
1417 2838 1447 2898 et
1519 2867 1520 2870 ¹

320 2939 504 3024 Fonsdorff,
528 2945 642 3025 utpote
667 2939 816 3025 director,
840 2939 965 3006 Paulus
990 2963 1011 3007 a
1035 2941 1249 3010 Kraussenek
1269 2946 1303 3010 in
1317 2945 1446 3010 Wesen-

322 3048 413 3134 norff,
440 3047 603 3134 Georgius
627 3046 785 3115 Hoffman
810 3054 844 3114 et
860 3046 998 3116 Oarolus
1013 3050 1048 3115 in
1063 3049 1148 3116 Hoff
1161 3073 1309 3119 camerae
1324 3059 1446 3120 nostrae

322 3157 448 3224 aulicae
472 3157 683 3242 Hungaricae
709 3162 742 3222 et
767 3155 989 3242 Scepusiensie
1014 3159 1202 3242 consiliarii,
1228 3182 1310 3245 quos
1335 3157 1446 3227 deiide

323 3265 513 3349 integritate
538 3285 577 3330 ac
600 3263 761 3330 industria
786 3265 964 3331 eorundem
980 3264 1093 3332 confisi
1109 3267 1152 3332 ad
1168 3287 1240 3333 eam
1256 3270 1446 3353 provinciam

323 3379 357 3440 et
372 3373 510 3440 durante
525 3372 730 3457 beneplacito
745 3378 858 3438 nostro
874 3375 1102 3440 constituimus
1121 3375 1155 3440 in
1172 3369 1447 3443 administratione

323 3480 1075 3569 proventuumTransylvanioorumcaeterisque
1084 3483 1223 3568 negotiis
1233 3505 1271 3551 eo
1281 3481 1448 3570 spectanti·

323 3591 548 3678 brannacum
558 3590 720 3657 adiunctis
736 3593 770 3654 et
784 3588 999 3674 infrascriptis
1015 3591 1171 3676 personis,
1181 3613 1296 3676 gerere
1307 3592 1447 3658 debeant

431 3699 474 3766 In
503 3701 616 3786 primis
647 3697 857 3765 conservandi
887 3697 965 3764 boni
991 3699 1113 3765 ordinis
1138 3721 1236 3766 causa
1250 3703 1337 3768 inter
1352 3702 1448 3768 dictos

325 3808 527 3877 consiliarios
550 3813 680 3874 nostros
704 3809 826 3893 primas
849 3811 959 3890 partes
984 3827 1099 3872 census
1115 3807 1268 3875 directori
1284 3810 1448 3876 tribuimus

326 3922 360 3984 et
389 3915 531 3982 tributas
562 3936 629 3982 ease
660 3915 807 3982 volumus
837 3913 985 4000 praefato
1010 3915 1231 4001 aBurghsus,
1247 3919 1304 4002 qui
1321 3917 1449 3984 caeteris

327 4023 387 4092 sibi
413 4021 574 4090 adiunctis
590 4024 783 4091 consiliariis
799 4031 927 4108 tempus
941 4021 1083 4088 habendi
1100 4023 1235 4108 consilii,
1252 4027 1449 4110 quotiescun·

327 4153 390 4220 que
415 4151 496 4218 opus
522 4131 592 4216 erit,
617 4131 798 4215 denunciet,
813 4133 848 4197 in
864 4132 998 4199 consilio
1014 4133 1199 4216 praesideat
1215 4153 1254 4199 ac
1268 4155 1321 4200 res
1337 4133 1449 4202 deliba*

327 4239 446 4308 rendae
471 4245 639 4324 proponat,
655 4241 920 4326 singulorumque
936 4241 1113 4306 sententias
1128 4263 1224 4326 super
1238 4263 1274 4308 re
1290 4241 1451 4326 proposita

327 4347 481 4434 inquirat,
505 4353 581 4414 vota
597 4347 772 4416 eorundem
787 4349 929 4434 colligat,
945 4370 1029 4434 quae
1045 4349 1248 4416 decernenda
1262 4350 1449 4417 ridebuntur

328 4453 509 4538 concludat,
526 4453 641 4524 deinde
658 4457 801 4544 expediri
818 4463 851 4524 et
866 4457 901 4523 in
917 4455 1068 4524 effectum
1084 4457 1202 4524 deduci
1217 4457 1327 4525 facist

436 4561 596 4632 Volumus
605 4571 713 4636 cutem
723 4567 756 4634 in
766 4567 1010 4652 inquirendiset
1025 4567 1170 4634 dicendis
1185 4567 1356 4633 sententiis
1372 4566 1450 4634 huno

329 4671 449 4742 seruam
475 4669 630 4758 ordinem,
645 4679 683 4742 ut
698 4673 839 4742 director
853 4675 923 4761 ipse
939 4676 1195 4762 quotiescunque
1211 4673 1338 4762 aliquid
1352 4676 1387 4740 in
1404 4674 1449 4741 de
