3032 5418
375 475 439 535 366
749 491 867 538 nandum
888 489 1139 540 onsziooriindesn.

372 649 514 736 turbent,
530 653 586 734 qui
602 671 678 718 sane
703 655 818 720 merito
842 653 1049 720 refraenandi
1073 659 1188 721 essent
1206 655 1343 721 Eandem
1355 655 1462 720 benera-

371 757 440 824 lere
458 761 632 844 cupientes.
649 759 776 828 Datum
792 760 912 829 Oibinii
929 768 1006 829 tii-a
1024 762 1215 830 Decembris
1230 767 1320 828 1604

696 903 786 972 Saor.
804 906 896 973 Caes.
921 905 1002 992 Reg.
1018 906 1207 975 Maiestatis
1229 906 1427 988 commissarii,
1441 913 1465 970 et

695 1015 813 1081 excelsi
828 1016 994 1099 regiminis
1019 1018 1204 1101 provinciae
1222 1016 1467 1082 Transsilraniese

856 1124 1031 1190 consiliarii

1020 1246 1183 1335 Georgius
1198 1249 1348 1318 Hoffman
1364 1271 1398 1314 m
1411 1271 1435 1333 p.

1020 1357 1158 1426 Carolus
1174 1357 1319 1426 ImHoff
1329 1381 1368 1424 m.
1381 1381 1407 1442 p.

1014 1463 1176 1534 Albertus
1191 1467 1280 1534 Huet
1295 1466 1415 1534 uum
1430 1485 1452 1548 p.

1015 1573 1041 1640 J
1042 1595 1162 1641 oannes
1180 1575 1309 1642 Rhener
1323 1597 1361 1640 m
1374 1597 1400 1659 p.

482 1745 624 1798 Koloeem:
639 1743 777 1800 Generosi
803 1744 910 1800 «loanni
926 1743 1009 1800 Petki
1024 1745 1180 1802 substituto
1205 1747 1349 1818 capitaneo
1363 1743 1427 1802 sedis
1439 1741 1469 1796 Si·

377 1852 504 1908 onlioalis
519 1851 697 1925 Vdvarhely,
713 1851 826 1908 domino
841 1852 931 1908 amieo
947 1854 1030 1910 nobis
1045 1853 1218 1911 honorando.

478 2016 556 2070 Pell-i
569 2015 666 2070 bezddl
680 2023 724 2069 tert
738 2015 915 2086 meqjagyzla:
937 2017 1031 2074 ›ae-a
1042 2016 1207 2072 Decembris
1217 2017 1347 2074 allatae«

663 2175 817 2248 (Eredetije
833 2177 900 2249 grdf
912 2178 1019 2234 Kornis
1035 2176 1219 2252 Kdrolynil.)

909 2495 976 2563 IX.

813 2663 908 2726 roos.
929 2661 1015 2744 jana.
1041 2664 1070 2724 3.

370 2831 396 2886 A
411 2833 526 2888 bsbwsolr
535 2833 672 2903 fallique
687 2833 788 2902 Paeana,
798 2833 865 2903 tow
881 2833 1061 2887 commonet
1076 2831 1296 2902 Hofflu'rclsenlez
1313 2823 1471 2894 ammonet

795 2941 952 3010 selanmtdse
966 2941 1055 3010 etym.

481 3093 647 3162 Generosa
663 3095 791 3161 domine
806 3094 909 3160 amice
924 3093 1016 3158 nobis
1031 3090 1231 3176 honorande,
1247 3093 1382 3158 salutem
1395 3094 1423 3154 et
1433 3103 1473 3150 no
1505 3149 1506 3162 2

376 3203 436 3268 stn'
453 3202 641 3270 benevolam
658 3201 975 3270 commendationem
1505 3163 1507 3280 l

479 3346 616 3414 Minime
632 3367 820 3431 generosam
835 3351 976 3411 vestram
985 3343 1234 3411 dominationem
1245 3344 1349 3410 latere
1366 3339 1475 3408 arbitra¹
1505 3341 1507 3426 j

372 3478 453 3540 mur,
470 3457 526 3541 qui
542 3477 687 3522 rumores
704 3456 743 3521 de
760 3454 958 3538 quibusdam
968 3453 1187 3539 praedonibus
1203 3459 1238 3518 et
1251 3453 1395 3520 hostibus
1409 3449 1473 3514 eirca
1504 3439 1507 3464 ¹

373 3566 541 3631 castellum
576 3561 844 3648 Samma-Vtinam
869 3562 1097 3628 oberrantibus
1122 3567 1156 3626 et
1182 3563 1314 3644 quosuis
1332 3561 1475 3628 molesun
1504 3583 1506 3610 ι

373 3675 460 3740 tibus
476 3673 754 3740 circumferuntur.
771 3671 853 3738 Cum
871 3692 947 3754 ergo
972 3671 1038 3736 illis
1053 3671 1090 3736 in
1106 3677 1252 3755 temporo
1269 3671 1390 3736 obviari
1403 3673 1430 3732 et
1440 3683 1475 3726 rr

373 3784 444 3847 sisti
461 3783 503 3846 sit
519 3803 664 3848 neeesse:
681 3779 802 3846 idoirco
828 3800 906 3845 suae
922 3777 1041 3845 Mattio
1067 3799 1217 3863 supremo
1234 3780 1399 3863 capitaneo
1412 3769 1475 3838 artis

375 3889 540 3972 Devensis,
559 3889 688 3956 domino
712 3887 738 3953 J
740 3889 859 3955 ohanni
874 3885 1006 3953 adamo
1022 3885 1125 3952 libero
1151 3885 1277 3952 Baroni
1292 3888 1335 3953 ab
1352 3881 1476 3964 Homn-

372 3994 454 4061 ohen
495 3999 718 4082 commisimus,
752 4003 790 4062 ut
824 3996 960 4062 collecta
994 4000 1247 4078 quantacunque
1272 4001 1383 4079 posset
1403 4005 1476 4057 manu

371 4103 439 4168 illio
454 4101 729 4186 proficisceretur:
754 4124 942 4188 generosam
966 4106 1108 4167 vestram
1133 4101 1386 4168 dominationem
1405 4099 1477 4184 juta

371 4211 499 4275 nomine
514 4231 591 4274 suae
607 4210 704 4278 Mttia
720 4214 812 4296 sorio,
827 4216 938 4277 nostro
954 4210 1226 4276 autembenevols
1242 4211 1440 4294 requirentes,
1451 4204 1477 4266 ul

372 4339 444 4383 oum
470 4318 536 4382 suis
561 4315 679 4385 Siculis
705 4319 952 4405 quamplurimis
985 4339 1061 4383 mox
1085 4318 1165 4383 illuo
1189 4339 1223 4384 se
1249 4317 1404 4403 eonferat,
1424 4331 1475 4379 eum

371 4427 458 4492 dicto
475 4426 604 4490 domino
620 4427 662 4492 ab
687 4425 913 4513 Holiliyroben
937 4433 1083 4492 mutuam
1108 4426 1361 4512 intelligentiam
1377 4425 1477 4507 habeat,

370 4555 410 4600 ao
425 4531 602 4616 praedones
618 4533 702 4617 illos,
717 4535 891 4620 hostesque
906 4533 1057 4620 publicae
1072 4535 1326 4618 tranquillitatis
1341 4529 1477 4601 removeat

371 4641 539 4728 praeclare
554 4641 589 4706 in
605 4661 641 4705 eo
658 4641 697 4706 de
713 4663 773 4708 sua
782 4641 870 4710 Mtte
885 4649 919 4710 et
933 4649 1005 4708 tota
1019 4640 1082 4707 hao
1092 4643 1259 4726 provincia
1275 4643 1476 4728 promeritum
