3100 5420
538 427 628 485 1607.
645 435 705 485 nli.
725 429 751 486 7.
1123 431 1186 492 481

70 601 178 684 scendi,
193 602 227 665 in
246 601 355 685 quasi
373 600 578 683 aliquantum
610 603 767 685 temporis
783 601 902 669 durare
918 606 1109 688 permiserit,
1127 608 1189 673 cle·

69 733 150 777 mens
165 709 351 776 serenitatis
366 713 493 772 vestrae
509 707 664 773 iudicium
680 715 758 776 esto.

167 818 281 899 Porro,
296 817 340 881 sit
355 836 472 881 nomen
489 814 610 880 domiui
626 815 841 895 benedictum,
858 841 943 886 nuno
959 841 1069 886 omues
1085 826 1190 886 status

70 933 99 993 et
122 927 247 993 ordines
272 923 326 989 hic
350 929 466 1009 optata
489 945 570 1008 pace
590 929 623 989 et
641 927 870 1009 tranquilitate
886 927 1047 1012 fruuntur,
1063 951 1102 995 ac
1118 951 1191 995 cum

69 1037 214 1120 palatinis
238 1034 337 1099 etiam
353 1033 523 1116 utriusque
538 1031 721 1100 Valachiae
737 1034 1000 1103 confoederatum
1016 1060 1129 1122 pacem
1140 1061 1191 1103 co·

69 1146 174 1227 limus;
198 1163 317 1227 negare
342 1147 451 1206 tamen
467 1160 531 1205 non
547 1162 726 1225 possumus,
742 1141 883 1210 Paulum
901 1144 1008 1231 Niary
1023 1145 1192 1211 vehemen-

70 1259 170 1318 terso
194 1249 311 1315 Turcis
336 1248 507 1332 addixisse,
532 1250 743 1335 multumque,
770 1253 856 1335 quod
882 1253 1035 1319 solvendo
1052 1277 1116 1320 nou
1133 1262 1191 1340 est,

69 1361 129 1425 illis
138 1359 331 1444 promisisse,
348 1362 447 1440 atque
463 1356 535 1421 ideo
552 1356 677 1423 Tuscae
693 1357 881 1443 frequenter
890 1361 933 1427 ad
948 1360 1192 1430 Homounaium

70 1468 215 1535 hactenus
246 1467 431 1549 ventitasse,
463 1466 551 1550 quod
580 1465 668 1532 forte
700 1468 774 1552 plus
790 1491 867 1536 suae
897 1470 959 1536 Mu
982 1494 1063 1539 caes.
1094 1494 1192 1557 quam

69 1577 142 1642 mihi
165 1598 237 1642 cum
254 1575 502 1659 Transsylvanis
518 1574 752 1658 impedimento
768 1599 838 1643 esse
853 1581 992 1663 poterit;
1009 1604 1083 1646 nam
1100 1583 1193 1647 nobis

1 1730 2 1735 η
70 1705 227 1769 quousque
253 1682 314 1749 deo
338 1683 387 1748 ita
401 1682 504 1747 risum
520 1681 627 1766 fuelit,
644 1705 703 1767 pro
719 1685 846 1750 ratione
862 1684 1065 1770 conditionis,
1091 1689 1193 1755 favori

71 1795 161 1858 etiarn
176 1791 316 1857 Turcioo
332 1789 602 1875 acquiescendum
619 1797 677 1856 eet.

169 1898 328 1982 Denique,
353 1903 518 1982 utcunque
543 1919 595 1962 res
620 1899 702 1963 istae
719 1899 851 1964 tandem
875 1902 997 1967 sintae
1015 1902 1194 1986 valeautur,
1275 1932 1282 1948 a*

1 2065 2 2069 ,
72 2007 143 2088 haec
168 2003 304 2093 [tamen]
330 2055 525 2071 .......
548 2004 676 2089 fideque
692 2007 817 2072 sincera
833 2006 1007 2092 profiteor;
1024 2007 1194 2076 Oelsitudo

1 2115 2 2190 J
73 2115 140 2179 Meis
156 2115 425 2180 excellentissima
447 2163 580 2183 .....
603 2136 702 2198 penes
719 2137 799 2181 sacr.
816 2115 912 2180 Mrem
929 2137 1010 2182 caea
1029 2117 1194 2184 dominum

1 2218 3 2227 ’
72 2244 168 2288 meum
185 2223 468 2289 clementissimum
493 2228 570 2287 esto.
592 2219 677 2308 [Ego
697 2220 912 2310 solummodo]
929 2225 1035 2308 pulvis
1050 2227 1195 2292 misellus

74 2338 102 2397 et
123 2333 200 2397 cinis
225 2353 305 2398 sum.
331 2330 367 2397 Si
392 2351 442 2394 me
467 2331 546 2395 deus
572 2331 774 2414 omnipotens
799 2333 842 2398 ad
867 2339 986 2398 sortem
1013 2357 1194 2419 panemque

1 2441 3 2508 Ῐ
74 2441 262 2524 pauperrimi
273 2445 306 2504 et
315 2438 454 2503 mendici
469 2439 556 2503 illius
566 2438 684 2503 Lazari
702 2438 851 2505 devenire
863 2443 1012 2526 coegerit,
1028 2464 1088 2526 pro
1104 2443 1194 2507 lucro

74 2552 173 2613 tamur
200 2542 423 2634 [sempiterno]
451 2548 549 2612 etiam
583 2546 683 2612 duco:
711 2554 800 2613 certo
826 2549 906 2612 mihi
930 2550 1130 2633 persuadens
1156 2572 1195 2615 ex

74 2655 190 2721 divinae
214 2656 315 2740 ipsius
339 2655 466 2738 gratiae
491 2653 524 2719 di
548 2704 774 2721 ........
799 2677 864 2722 uon
890 2657 951 2722 nisi
979 2658 1012 2721 in
1029 2664 1195 2724 aeternam

1 2759 3 2820 ἶ
75 2767 190 2831 ammae
206 2785 297 2830 meae
312 2764 451 2829 salutem
467 2763 500 2828 id
516 2764 614 2828 etiam
630 2784 793 2828 cessurum
817 2813 1044 2831 ........
1069 2788 1195 2832 conser-

1 2898 3 2917 τ
75 2878 121 2936 vet
134 2872 223 2937 Deus
239 2871 320 2937 Mtes
338 2871 416 2939 Vrsa
432 2876 686 2955 promoveatque
702 2871 745 2935 ad
755 2871 1009 2938 emolumentum
1033 2923 1195 2939 ......

1 2973 2 3046 J
76 2979 202 3046 feliciter
226 3002 266 3045 ac
283 2978 438 3045 florenter
455 2979 634 3044 diutissime
651 2988 832 3061 regnantes.
850 2979 974 3045 Datum
991 2981 1023 3044 in
1040 3002 1115 3045 arce
1132 2980 1195 3045 Fo-

77 3109 171 3170 garas.
189 3092 239 3153 19.
256 3084 383 3170 Aprilis
400 3108 484 3152 anuo
503 3090 598 3151 1607.

1 3183 3 3201 '
173 3193 328 3261 Eiusdem
348 3194 531 3260 serenitatis
552 3198 677 3259 vestrae

564 3300 668 3366 fidelis
687 3306 720 3365 et
736 3300 934 3365 humillimus
951 3302 1089 3366 servitor

574 3409 801 3494 sigismundus
816 3410 972 3496 Rakocz'y'
988 3433 1028 3474 m.
1045 3432 1074 3493 p.

174 3530 313 3586 Kdlcaeim:
330 3528 513 3584 Serenissimo
524 3527 645 3599 principi
656 3546 689 3582 ae
708 3528 821 3582 domiuo
840 3528 953 3582 domino
963 3526 1090 3581 llethiae
1106 3526 1196 3581 archi·

78 3617 133 3674 duci
142 3620 284 3689 Metrias,
294 3620 357 3676 duci
379 3618 571 3691 Burgundios,
591 3619 686 3673 comiti
696 3619 810 3691 Tyrolie
822 3626 873 3673 ete.
890 3617 954 3672 Dno
971 3616 1197 3673 elementissimo.

135 3726 298 3802 (Eredetije,
328 3726 398 3800 selig
414 3727 589 3796 elrothudva,
604 3745 621 3782 a
637 3725 714 3782 bessi
731 3727 796 3782 udv.
813 3727 889 3783 kam.
914 3727 945 3782 lt.
962 3726 1036 3780 Sieb.
1054 3724 1129 3794 Act.)

572 3913 684 3983 LVII.

499 4045 593 4106 1607.
617 4064 646 4106 m
659 4043 679 4106 {a
685 4063 709 4125 J
731 4044 758 4105 7.

271 4160 395 4232 Meytisd
411 4180 428 4214 α
437 4160 499 4229 jalon
516 4159 603 4212 ro-ilct
617 4158 755 4212 koloaodrs‘
769 4155 989 4226 orsrdpqydltsre.

173 4278 400 4364 Sigismundus
415 4277 568 4361 Rakdczy
593 4277 645 4341 dei
661 4276 770 4361 gratia
786 4275 936 4358 princeps
953 4272 1198 4338 Transilvanioe

80 4383 207 4473 partium
223 4390 316 4473 regui
331 4386 523 4470 Hungariae
540 4385 689 4451 dominus
705 4390 738 4448 et
755 4381 938 4450 Siculorum
955 4402 1061 4447 comes
1077 4389 1137 4446 etc.

174 4494 349 4581 Magnifice
359 4495 487 4561 domine
504 4491 609 4558 fidelis
624 4491 718 4558 nobis
728 4489 924 4573 honorande,
941 4489 1079 4554 salutem
1096 4495 1128 4553 et
1144 4489 1198 4554 be-

81 4604 215 4672 nevolam
247 4612 392 4671 nostram
427 4603 746 4671 commendationem.
782 4598 833 4666 An
869 4599 983 4663 elmirlt
1018 4598 1198 4681 vasarhelyi

128 4746 569 4802 nusryromsmorasnmruerr.
1057 4729 1087 4773 3¹
