3218 5424
405 547 470 611 526
787 557 906 608 annam
922 555 1174 608 ossztoovttntssv.

403 727 477 812 quis
491 724 606 792 haeres
623 725 710 791 bona
736 725 940 791 dominorum
965 725 1026 791 sub
1043 725 1170 790 initium
1195 723 1274 790 belli
1289 721 1412 788 Turrici
1426 721 1502 788 inter

402 835 562 902 sectorum
580 835 651 900 ullo
677 835 747 902 iure
771 834 936 900 mediante
953 835 1105 920 consequi
1125 839 1243 919 posset.
1259 833 1428 900 Decretum
1441 831 1504 896 illud

402 945 544 1011 solutum
561 949 618 1010 est.
643 941 797 1009 Alterum
822 942 862 1008 de
875 944 1068 1028 jesuitarum
1094 945 1371 1026 exterminatione,
1386 963 1468 1026 quan
1481 945 1506 1004 et

401 1053 566 1120 consecuti
582 1059 665 1136 sunt,
690 1057 805 1119 contra
820 1051 1084 1117 reclamationem
1113 1051 1365 1134 catholicorum
1381 1050 1505 1135 quoniam

403 1161 437 1226 in
453 1161 515 1227 hoc
531 1165 653 1245 puncto
677 1165 746 1226 tam
771 1159 962 1226 calvinistae
986 1182 1083 1246 quam
1104 1159 1293 1243 luttherani,
1319 1159 1440 1240 arriani,
1452 1156 1506 1222 sats

401 1269 554 1353 batistae,
570 1267 660 1334 athei
684 1267 892 1334 vehementer
916 1269 1125 1334 consentiunt
1146 1270 1234 1334 inter
1249 1290 1293 1352 se,
1309 1274 1342 1334 et
1356 1289 1416 1333 uon
1429 1265 1505 1330 ratio

402 1378 497 1444 nibus
523 1375 580 1442 sed
604 1376 818 1442 tumultuario
844 1377 985 1442 clamore
1011 1377 1166 1442 vicerunt.
1191 1376 1327 1442 Patrem
1351 1373 1507 1459 Argentan

404 1508 464 1571 ego
481 1507 606 1551 mecum
632 1484 776 1569 educam,
801 1506 866 1569 quo
883 1485 985 1550 tutius
1002 1485 1044 1550 ad
1069 1507 1145 1551 suos
1159 1485 1337 1568 perveniat.
1352 1483 1503 1549 Dominum

402 1594 584 1678 Micatium,
609 1595 803 1678 interposita
828 1591 1034 1659 fideiussione
1059 1615 1131 1660 mea
1155 1593 1244 1678 apud
1263 1590 1504 1677 principem‚hue

402 1703 525 1769 adduxi
540 1723 667 1767 mecum
677 1701 855 1786 Varadino,
867 1723 958 1767 suam
969 1723 1097 1786 quoque
1116 1701 1413 1767 reverendissimam
1427 1697 1505 1764 domi-

401 1814 568 1879 nationem
593 1811 729 1877 educam
754 1831 889 1876 mecum.
920 1811 961 1876 In
985 1812 1120 1896 privatis
1144 1812 1224 1877 meis
1253 1813 1390 1895 negotiis
1405 1809 1506 1874 nullum

401 1921 506 1988 habeo
522 1941 739 2006 progressum,
765 1919 841 2004 quia
866 1941 1038 1985 causarum
1063 1921 1266 2004 cognitiones
1291 1919 1399 1984 nullae
1413 1917 1506 1992 factae

402 2029 444 2096 ad
459 2029 600 2114 primum
616 2027 807 2094 Decembris
822 2028 946 2111 negotii
961 2029 1024 2092 mei
1040 2027 1156 2092 revisio
1167 2027 1279 2092 dilata
1297 2023 1380 2092 Oum
1395 2019 1508 2090 deusad

401 2144 499 2222 spect
516 2135 627 2202 Metam
642 2135 736 2204 Vram
751 2157 802 2201 me
818 2135 1016 2219 perduxerit,
1032 2155 1115 2219 quae
1141 2135 1261 2200 litteris
1289 2133 1442 2200 committi
1456 2151 1506 2195 non

400 2251 544 2330 possunt,
574 2265 726 2330 praesens
758 2245 887 2328 copiose
919 2264 1086 2327 exponam.
1118 2241 1209 2309 Deus
1233 2243 1394 2308 maximus
1417 2239 1506 2306 Mam

399 2353 494 2423 Vram
510 2353 690 2422 diutissime
714 2362 821 2420 servet
851 2355 1052 2420 incolumem.
1084 2353 1212 2419 Datum
1244 2350 1447 2438 Claudiopoli
1468 2351 1507 2414 td

400 2460 426 2528 J
427 2462 505 2548 unij‚
521 2484 606 2529 anno
623 2463 746 2530 domini
764 2466 859 2527 1607.

506 2587 543 2654 Ρ.
568 2587 601 2656 S.
633 2585 867 2655 communibus
901 2589 984 2654 votis
1022 2587 1286 2654 annihilaverunt
1317 2579 1507 2670 Transylvani

401 2699 556 2783 principis
571 2695 741 2782 Boohilvay
766 2701 1014 2781 testamentum3
1039 2717 1146 2781 neque
1162 2695 1313 2763 dominus
1329 2693 1423 2780 Njari
1437 2691 1509 2776 quie·
1557 2737 1559 2764 ,

400 2828 498 2891 quam
514 2812 563 2871 est
582 2809 779 2872 consecutus.

506 2913 613 2999 Spect.
629 2912 803 2997 Magnam
819 2910 900 2980 Vrae

1557 2773 1559 2800 i

1557 2849 1559 2930 i

946 3019 1187 3086 addictissimus
1206 3041 1335 3104 semper
1350 3019 1474 3086 servitor

1030 3129 1227 3195 Franciscus
1242 3129 1401 3214 Daroczy.

562 3299 699 3374 (Czimzet
714 3299 870 3374 hidnyzik3
893 3298 1004 3356 abecsi
1021 3317 1059 3358 es.
1078 3300 1124 3356 tir
1139 3300 1186 3359 all.
1203 3301 1234 3358 lt.
1251 3297 1361 3372 Hung.)

895 3543 1031 3614 LXIX.

844 3692 939 3760 1607.
959 3692 1037 3776 jdl.
1054 3695 1083 3756 2.

474 3845 595 3917 Forpdca
618 3846 734 3900 Fereaea
741 3846 887 3915 jelontdse:
906 3865 924 3899 a
942 3845 1103 3916 Soranyeyrel
1111 3844 1255 3914 folytotott
1269 3843 1447 3899 stamma.

504 3981 728 4048 Illustrissime
745 3979 873 4048 domine
890 3985 923 4046 et
938 3988 1077 4066 patrone
1093 3979 1391 4047 observandissime.

504 4087 614 4156 Hodie
638 4095 712 4174 post
736 4087 908 4174 prandium
933 4091 1020 4156 venit
1045 4087 1088 4155 ad
1103 4109 1155 4153 me
1171 4088 1322 4154 dominus
1337 4081 1511 4153 Pancratius
1557 4159 1558 4164 ἵ

398 4195 544 4282 zennicy·
567 4197 695 4280 legatus
711 4197 991 4282 Tranaylvanicus,
1008 4197 1064 4281 qui
1080 4196 1144 4262 tria
1161 4195 1224 4262 sibi
1238 4195 1282 4260 ad
1298 4189 1509 4280 perficiendum

400 4325 420 4369 a
437 4303 669 4390 Transylvanis
686 4305 831 4372 iniuncta
846 4305 1011 4371 indicavit.

504 4411 661 4478 Primum.
687 4412 729 4479 Se
754 4413 798 4478 ad
823 4412 1060 4497 deprecandum
1086 4413 1208 4478 factum
1228 4433 1324 4479 suum
1339 4409 1509 4478 necessitate

398 4518 582 4604 admissum,
608 4521 696 4605 quod
720 4521 872 4588 videlicet
886 4521 1086 4587 Rakoczium
1102 4522 1135 4587 in
1152 4523 1332 4608 principem
1348 4521 1507 4602 eligerem

397 4628 462 4692 acti
479 4634 586 4692 esseut
601 4629 825 4714 Transylvaui,
844 4632 978 4696 venisse.
