3032 5418
489 500 583 554 1605:
601 505 760 555 11111111.
1124 497 1186 557 391
1212 511 1216 518 “

162 669 248 736 Etsi
264 693 338 736 vero
357 671 526 756 praedicta
542 693 602 736 1111
618 669 719 738 Gialu
736 693 808 736 cum
823 671 1029 755 pertinentiis
1045 673 1131 738 inter
1141 694 1190 738 cc·

54 777 236 844 clesiastica
262 779 306 844 sit
330 780 425 862 bona,
451 786 484 846 et
510 800 588 846 suae
613 779 777 845 maiestati
792 780 959 845 incumbat
974 780 1065 844 illam
1080 783 1189 865 potius

55 885 208 950 ccclesiae
234 887 374 952 vicissim
398 887 574 972 applicare,
600 909 698 972 quam
714 887 771 952 alii
799 887 953 954 utendam
974 887 1189 954 (1111111111-

56 993 210 1059 scribere:

163 1102 236 1188 Quo
261 1111 373 1170 tamen
398 1103 507 1170 rideat
532 1127 609 1172 suae
626 1110 765 1170 testatae
780 1103 948 1171 fidelitatis
964 1105 1190 1190 ademptorem

56 1212 213 1278 bonorum
239 1220 272 1279 11
298 1213 504 1280 subditorum
530 1215 722 1280 clementem
753 1213 901 1280 habitam
926 1237 993 1280 esse
1017 1215 1185 1280 rationem.

58 1321 176 1406 Itaque
190 1345 282 1389 suam
298 1323 503 1388 maiestatem
519 1323 656 1389 eandem
673 1344 781 1388 arcem
798 1329 831 1388 et
845 1325 1061 1407 pertinentias
1077 1324 1188 1408 prouti

57 1431 90 1493 in
116 1430 377 1498 donationalibus
393 1453 451 1515 per
467 1431 605 1498 Bastam
621 1431 781 1516 expeditis
798 1431 1034 1516 specificantur,
1050 1433 1112 1516 ipsi
1129 1431 1185 1498 do·

58 1539 144 1604 mino
155 1537 294 1625 Senniey
305 1541 365 1605 tali
376 1563 448 1606 cum
458 1540 644 1607 conditione
653 1541 836 1624 relinquere
856 1547 889 1605 et
905 1541 1081 1606 inscribere
1097 1541 1189 1622 11111,

59 1652 97 1711 ut
120 1649 377 1734 quandocunque
403 1650 623 1734 episcopusin
639 1647 908 1734 Trausylvaniam
925 1649 1106 1715 destinatus
1122 1648 1190 1714 fue-

60 1757 103 1819 rit
127 1764 158 1822 et
181 1757 249 1823 illic
265 1757 407 1822 residere
424 1756 582 1840 debuerit,
599 1757 726 1841 sibique
745 1763 779 1822 et
795 1757 989 1823 haeredibus
1005 1759 1070 1823 suis
1087 1755 1188 1842 quad-

60 1865 186 1948 raginta
209 1865 299 1930 mille
323 1863 457 1930 thalleri
480 1887 540 1949 per
556 1885 647 1930 suam
672 1865 874 1930 maiestatem
891 1865 1064 1948 inparatis
1080 1885 1189 1930 nume·

62 1971 125 2035 rati
147 1973 194 2036 rel
218 1971 306 2038 bona
322 1971 542 2056 quadraginta
557 1972 660 2038 millia
675 1971 889 2038 thallerorum
905 1972 1047 2038 valentia
1063 1971 1187 2038 tradita

63 2083 96 2142 et
119 2080 279 2164 assignata
303 2079 435 2164 fuerint,
460 2079 572 2144 cadem
588 2101 662 2147 aroc
679 2086 712 2145 11
727 2081 932 2165 pertiuentiis
947 2081 1015 2146 siue
1032 2081 1118 2146 omni
1135 2103 1188 2146 ex·

63 2187 205 2270 ceptione
230 2193 264 2254 et
289 2189 465 2254 renitentia
480 2189 619 2254 vicissim
635 2186 759 2254 tedere.
776 2187 941 2271 Subditos,
958 2193 1026 2254 tam
1042 2188 1098 2254 diu
1114 2211 1186 2256 eam

64 2295 244 2380 possidebit,
260 2298 294 2362 in
310 2299 376 2363 suis
391 2297 516 2363 iuribus
541 2317 731 2363 conservare
762 2317 822 2362 nec
845 2295 971 2382 aliquid
996 2296 1037 2362 ab
1054 2319 1093 2363 ea
1109 2297 1188 2362 alie·

65 2425 137 2469 nare
160 2409 309 2472 teneatur
319 2412 352 2470 11
369 2405 412 2471 sit
437 2405 609 2490 obligatus,
634 2404 744 2490 prouti
769 2405 1027 2488 inscriptiouales
1059 2425 1189 2489 quoque

65 2513 227 2598 superinde
243 2513 356 2580 statim
372 2513 584 2580 conficientur
599 2519 633 2579 et
648 2513 710 2598 ipsi
727 2511 972 2578 exhibebantur.

165 2619 314 2688 Secundo
340 2621 428 2706 quod
447 2643 590 2687 aunuum
616 2620 854 2687 consiliariatus
880 2621 1033 2686 salarium
1059 2621 1188 2704 attinet,

66 2728 140 2794 illud
169 2751 227 2795 sua
258 2730 428 2812 maiestas,
460 2729 522 2814 ipsi
555 2751 627 2796 cum
668 2729 742 2794 aliis
777 2729 971 2796 consiliariis
1001 2729 1035 2794 in
1069 2728 1187 2794 Trans·

1 2893 2 2896 ,
67 2837 199 2920 sylrauia
223 2839 322 2904 rebus
345 2837 547 2924 Hungaricis
573 2845 605 2904 et
628 2837 888 2926 Transylvanicis
904 2862 1033 2906 rursum
1049 2839 1083 2904 in
1099 2845 1187 2904 tran·

1 3001 2 3010 ,
68 2947 192 3028 quillum
208 2953 332 3014 statum
347 2947 488 3013 redactis
505 2949 680 3014 constituet
694 2955 727 3014 et
743 2947 972 3014 denominabit.

163 3055 277 3121 Tertio
303 3055 470 3140 saepefata
495 3077 554 3122 sua
577 3057 730 3122 maiestas
745 3057 883 3142 benigne
899 3057 1022 3138 annuit,
1039 3055 1186 3122 donatio·

1 3227 2 3236 ,
67 3162 147 3227 sales
161 3183 218 3248 per
235 3163 401 3229 dominum
421 3161 600 3247 Georgium
619 3163 724 3230 Basta
739 3165 801 3249 ipsi
817 3187 913 3250 super
929 3166 1098 3250 sexaginta
1114 3163 1186 3230 sub·

1 3266 2 3275 ’
67 3267 134 3335 ditis
143 3271 212 3337 loco
230 3269 416 3338 Siculorum
432 3293 564 3338 suorum
580 3273 856 3357 emancipatorum
873 3271 1073 3358 confirmare,
1090 3274 1186 3340 sicuti

1 3411 2 3460 3
67 3375 120 3444 hoc
133 3401 261 3464 quoque
279 3380 495 3446 cancellariae
510 3378 722 3465 Hungaricae
739 3381 952 3448 intimabitur.

162 3487 268 3573 Super
293 3487 454 3554 refusione
479 3509 554 3556 vero
580 3489 800 3574 quadraginta
823 3491 913 3554 mille
938 3487 1132 3556 florenorum
1152 3490 1186 3554 in

67 3615 144 3678 auro,
168 3595 326 3662 clenodiis
351 3602 384 3662 11
408 3597 506 3663 rebus
531 3597 703 3681 argenteis,
720 3596 893 3664 Oassoviae
917 3597 1137 3682 depositorum
1153 3603 1186 3662 11

67 3722 115 3784 per
138 3701 340 3789 Stephanum
354 3701 506 3790 Botzkay·
523 3711 556 3770 11
573 3705 745 3789 complices
761 3705 944 3772 ablatorum
960 3725 1019 3769 sua
1035 3706 1186 3770 maiestas

67 3831 140 3876 nunc
159 3813 314 3898 temporis
330 3833 399 3878 sese
415 3813 577 3880 resoluere
593 3814 715 3898 nequit,
731 3813 819 3899 quod
834 3815 994 3880 incertum
1010 3813 1117 3880 adhuc
1132 3816 1184 3897 sit,

67 3921 181 4002 qualem
190 3922 344 3988 instituta
359 3943 432 3988 cum
448 3921 535 3988 dicto
550 3921 699 4008 Botzlray
715 3923 869 3988 tractatio
886 3923 1045 3989 sortitura
1060 3923 1103 3988 sit
1120 3923 1184 3988 exi·

1 4081 2 4093 ,
67 4031 133 4094 tum.
147 4029 223 4096 Hoc
241 4051 318 4096 vero
337 4029 503 4097 intellecto
519 4037 552 4096 et
569 4030 682 4096 habito
699 4037 732 4096 et
748 4031 942 4097 testimoniis
959 4028 1043 4097 fidae
1060 4031 1186 4117 deposi-

66 4135 151 4202 tionis
167 4138 253 4222 risis,
273 4157 331 4203 sua
355 4137 511 4204 maiestas
536 4145 676 4204 mentem
701 4159 830 4225 quoque
855 4159 947 4204 suam
963 4137 1025 4205 hac
1041 4139 1074 4204 in
1090 4145 1185 4225 parte

1 4329 2 4340 ,
66 4241 191 4330 benigne
208 4244 396 4329 explicabit.

1 4347 2 4436 s
160 4353 269 4420 Locus
278 4360 395 4437 certus,
406 4374 501 4439 quem
511 4375 585 4420 cum
601 4355 735 4438 coniuge
752 4359 785 4418 et
800 4352 911 4420 liberis
927 4355 954 4420 si
971 4353 1118 4421 fortassis
1130 4377 1184 4422 eos
1316 4377 1323 4390 ·

1 4455 2 4520 l
69 4479 83 4522 e
104 4462 288 4545 captivitate
312 4461 478 4545 liberaret,
509 4461 693 4527 inhabitare
709 4468 827 4547 posset,
844 4463 1014 4547 quominus
1030 4464 1091 4547 ipsi
1108 4464 1185 4529 assi·

70 4569 148 4650 gnari
157 4570 266 4653 possit,
291 4569 353 4636 hoc
368 4570 536 4655 impendit,
555 4569 737 4654 quodidem
748 4571 805 4636 alii
821 4592 952 4656 quoque
967 4571 1033 4636 sint
1048 4571 1185 4655 petituri

1 4717 2 4746 l
71 4680 98 4740 et
110 4678 309 4762 postulaturi.
