3100 5420
356 523 422 581 438
737 529 856 576 anunm
872 525 1125 576 onszloorttnrtsax.

354 700 418 765 ben
434 721 471 763 az
495 697 562 780 lugd
582 697 737 780 jelenlete
762 696 836 778 igen
862 693 1053 776 kivantatilr,
1080 692 1228 776 melyben
1250 691 1374 757 haladek
1389 711 1440 754 sen

355 809 452 889 lebet,
468 805 551 890 lrgdt
565 805 681 888 ker-jol<
695 826 709 868 s
726 803 833 887 intjuk
849 803 877 866 is
894 801 1078 867 szeretettel
1094 802 1177 865 mint
1184 801 1220 885 jo
1236 799 1363 865 urnulat
1376 799 1447 863 bart·

357 915 474 982 tunkat
490 937 525 979 ez
538 914 626 998 jelen
642 913 714 978 valo
728 912 899 996 januarius
915 910 1024 975 honak
1042 909 1132 974 nn-ik
1148 909 1283 994 napjrtra
1293 909 1384 992 jojjon
1397 905 1449 970 Ko-

356 1026 510 1106 losvtrra,
526 1022 635 1088 holott
651 1043 688 1086 az
704 1021 748 1086 mi
764 1020 862 1102 dolog
878 1021 984 1086 lesuen
995 1019 1226 1103 lrglmetelmelr
1242 1017 1355 1083 eleiben
1368 1015 1449 1080 aditu

357 1155 376 1197 s
391 1133 435 1198 mi
448 1131 529 1218 jobb
546 1135 599 1196 azt
614 1129 825 1214 cselelredjelr.
841 1127 942 1194 Secus
957 1149 1023 1192 nou
1033 1126 1187 1192 lecturus.
1203 1126 1255 1192 De
1270 1127 1381 1209 reliquo
1394 1143 1450 1188 esn-

356 1239 638 1305 dembeuevalere
656 1239 810 1322 cupimus.
820 1236 944 1302 Datum
956 1233 1164 1319 Claudiopoli
1183 1240 1223 1300 12
1234 1231 1259 1298 J
1261 1255 1359 1299 anuar.
1374 1234 1446 1296 root.

463 1347 510 1412 M.
527 1347 569 1412 D.
584 1347 674 1416 Vrae
691 1346 814 1412 amicus

879 1451 1107 1537 Sigismundus
1123 1451 1275 1535 Rakoozy
1290 1473 1327 1514 m.
1342 1471 1368 1533 p.

464 1576 605 1629 Kolczr'm:
628 1573 705 1643 Mag.
722 1573 757 1626 D.
774 1571 928 1628 Balthasar
943 1570 1049 1626 Kornis
1076 1588 1129 1625 ser.
1146 1569 1204 1624 Dni
1229 1567 1357 1640 principis
1378 1563 1451 1618 count

358 1671 410 1721 etc.
427 1665 539 1720 domino
556 1669 585 1720 et
601 1663 689 1718 amico
706 1662 971 1718 observandissime.

661 1769 828 1841 (Ercdetiro'l
843 1791 861 1824 a
880 1770 954 1824 Mile
972 1768 1001 1823 S.
1027 1771 1060 1822 tir
1076 1765 1174 1839 pytjt.)

869 1957 979 2026 XLV.

785 2091 880 2152 1607.
900 2087 985 2170 jan.
1011 2092 1062 2152 22.

651 2220 677 2274 :l
692 2221 831 2275 kolosruiri
848 2222 1033 2291 orszdpypr'ile's
1051 2221 1188 2290 trinonyei.

463 2339 533 2406 Nos
550 2338 775 2424 sigismundus
800 2337 951 2422 Rakoozy
969 2339 1008 2403 de
1027 2338 1127 2403 Falso
1157 2337 1298 2421 Vadam,
1313 2352 1456 2419 regnorum

354 2450 547 2534 Hungariae
572 2453 605 2514 et
630 2446 885 2530 Transylvaniae
917 2447 1128 2529 consiliarius,
1153 2468 1212 2512 nec
1236 2469 1301 2511 non
1325 2441 1456 2528 generalis

355 2561 551 2642 capitaneus,
586 2555 849 2639 gubernatorque
882 2555 974 2637 regni
1006 2553 1286 2639 Transsylvaniae,
1316 2561 1347 2620 et
1374 2570 1457 2617 comes

355 2668 528 2732 comitatus
553 2663 780 2730 Borsodicnsis
806 2670 865 2728 etc.
890 2662 1071 2728 Memoriae
1097 2665 1353 2730 commendamus
1367 2667 1456 2726 tenore

354 2774 573 2859 praesentium
599 2769 827 2855 significantes,
844 2772 961 2854 quibus
978 2772 1108 2856 expedit
1132 2774 1307 2838 universis:
1323 2769 1400 2856 quod
1412 2786 1457 2850 pro

354 2890 448 2968 parte
465 2887 496 2948 et
514 2884 546 2946 in
562 2879 709 2966 personis
734 2879 936 2944 dominorum
955 2902 1125 2964 procerum
1145 2889 1178 2947 et
1194 2890 1383 2967 magnatum,
1404 2880 1458 2944 uni·

354 3013 520 3058 versorum
548 2997 692 3056 statuum
716 2995 749 3054 et
773 2989 924 3055 ordinum
952 2993 1045 3074 regni
1070 2991 1324 3076 Transylrsniae
1349 2988 1458 3057 exhibiti

354 3108 429 3167 suut
444 3100 537 3166 nobis
563 3105 596 3164 et
620 3099 821 3182 praesentati
847 3100 927 3162 certi
954 3099 1086 3183 quidam
1113 3102 1242 3166 articuli
1268 3101 1458 3166 inconvento

353 3210 486 3294 partiali
512 3206 719 3291 Claudiopoli
745 3206 787 3272 ad
813 3207 897 3272 diem
919 3213 970 3273 22.
995 3206 1149 3274 Januarii
1176 3211 1253 3275 anni
1283 3214 1372 3275 1607.
1394 3206 1457 3272 cele·

352 3318 447 3382 brato
473 3316 618 3380 unanimi
643 3336 802 3380 consensu
832 3317 983 3399 conclusi,
1009 3317 1229 3400 supplicantes
1254 3319 1347 3384 nobis
1369 3315 1458 3382 debita

355 3445 426 3491 cum
442 3423 608 3506 instantis,
625 3429 786 3506 quatenus
812 3421 846 3487 N
847 3445 881 3488 os
899 3424 1027 3488 eosdem
1043 3430 1139 3508 ratos,
1157 3433 1268 3508 gratos
1286 3434 1319 3492 et
1335 3427 1460 3508 acceptos

353 3533 519 3616 habentes,
545 3553 604 3616 pro
628 3533 707 3616 ipsis
741 3531 879 3597 dominis
903 3532 1077 3616 regnicolis
1096 3534 1130 3597 in
1155 3533 1302 3600 futurum
1327 3535 1459 3602 valituros

352 3641 491 3726 benigne
516 3637 707 3705 confirmare
733 3639 953 3722 dignaremur,
979 3661 1117 3724 quorum
1141 3646 1235 3708 tenor
1260 3645 1399 3728 sequitur
1412 3638 1460 3703 hoo

353 3751 465 3817 modo:

457 3874 669 3941 Articuli
694 3874 971 3940 dominorum
996 3897 1229 3959 procerum
1255 3885 1297 3944 et
1318 3892 1461 3959 magua·

352 3991 458 4067 tum,
497 3984 902 4067 universorumque
937 3989 1134 4050 statuum
1178 3993 1221 4051 et
1264 3989 1461 4056 ordinum,

352 4094 486 4158 trium
510 4092 894 4174 nationumregni
928 4090 1292 4177 Transylvaniae
1322 4097 1363 4161 in
1389 4107 1462 4176 par·

351 4199 546 4264 tislibus
573 4221 720 4264 eorum
747 4199 950 4265 comitiis
983 4197 1346 4288 Claudiopoliad
1369 4200 1460 4265 dien

352 4307 636 4373 saoanuarii
661 4329 773 4373 anno
802 4310 1133 4377 1607.exedict0
1164 4301 1460 4379 illustrissimi

352 4417 519 4482 domini
544 4415 870 4498 gubernatoris
896 4419 1153 4487 celebratis
1179 4421 1459 4488 unanimioon·

352 4546 485 4591 sensu
511 4523 767 4610 conclusi.¹)

357 4666 568 4677 ——u

462 4719 482 4788 ¹)
495 4721 534 4774 ΕΖ
547 4735 564 4771 s
577 4721 707 4776 kikezdes
721 4723 840 4776 Teutsch
854 4739 911 4794 sup.
926 4739 959 4774 nr
973 4723 1167 4794 pelda'nytban
1180 4727 1320 4796 liinnyzik.

1518 4705 1523 4864 ι
