3218 5424
519 481 614 540 1oor.
625 479 865 540 osmer-as.
1191 476 1259 539 scr
1369 557 1371 560 Ι
1399 517 1406 534 „
1484 427 1542 458 .

123 653 324 739 ktz‘o'nseges
340 652 530 721 emelembtl
539 652 752 739 vegezhesssn
761 651 893 720 minden
898 652 959 738 jot,
974 673 1067 720 secus
1076 653 1137 721 sub
1152 675 1258 740 poena

124 765 391 832 constitutionem
408 763 501 852 (ipy)
518 783 583 829 non
608 759 735 831 iactum
750 760 877 830 Datum
891 757 1001 830 Albas
1015 759 1043 829 J
1042 762 1129 832 uliae
1146 761 1198 830 die
1214 766 1255 831 27

124 869 273 961 Augusti
288 893 374 940 anno
394 875 489 940 1607.

235 979 462 1068 Sigismandus
476 977 615 1066 Rakoci
629 999 671 1048 m.
689 1000 719 1066 p.

774 1084 959 1174 Stephanus
974 1085 1109 1178 Kassa?
1126 1111 1168 1158 m.
1183 1110 1215 1178 p.

235 1244 382 1302 Ktrtlrffl:
407 1241 600 1300 Prudentibus
625 1247 655 1300 et
670 1241 881 1315 circumspectis
893 1243 984 1315 judici
1007 1243 1152 1317 primario,
1167 1249 1258 1301 coste-
1313 1217 1314 1220 Ἴ
1363 1217 1373 1232 ⁵
1450 1210 1532 1319 ²
1543 1206 1545 1213 Α

125 1335 225 1409 riaqps
236 1335 342 1411 juratis
358 1334 469 1393 civibus
484 1333 581 1408 oppidi
596 1333 687 1391 nostri
702 1329 779 1390 Dese
803 1338 857 1394 etc.
876 1333 1023 1392 Fidelibus
1038 1335 1120 1394 nobis
1137 1334 1257 1391 dilectis.
1371 1353 1374 1356 ·
1429 1337 1430 1340 ’
1458 1325 1460 1332 ’
1482 1361 1520 1434 ’,ἐξ

397 1479 547 1552 (Erednsje
561 1479 633 1535 Deis
646 1477 729 1535 ceros
743 1477 772 1534 lc.
788 1477 856 1537 296.
871 1496 908 1538 ee.
924 1475 1015 1550 aleo.)

608 1681 785 1756 LXXIX.

486 1815 582 1880 1sor.
606 1817 742 1900 saepe
766 1816 907 1882 si-as.

377 1944 417 2000 Aa
432 1945 527 2016 cnycdi
543 1947 761 2018 ornoqwltleaeo
776 1948 861 2004 Ιιοκοα
875 1947 1021 2018 coepes.

236 2063 308 2131 Nos
323 2061 549 2149 sigismundus
573 2062 725 2150 Rakoczy
741 2063 793 2132 dei
809 2065 917 2150 gratia
940 2065 1090 2150 princeps
1106 2063 1261 2152 Transyl-

127 2178 252 2260 variae,
268 2175 412 2260 partium
435 2173 527 2258 regni
558 2173 751 2260 Hungarise
776 2174 924 2242 dominus
949 2177 982 2240 et
1000 2173 1184 2244 Siculorum
1209 2197 1261 2243 co-

127 2307 196 2352 mes
222 2289 282 2351 sto.
306 2281 487 2348 Memoriae
512 2283 773 2350 commendamus
790 2287 901 2350 tenore
920 2284 1140 2368 praesentium
1164 2285 1268 2368 signi.

127 2392 275 2477 ficantes,
291 2391 408 2476 qubus
424 2389 555 2475 expedit
579 2391 754 2458 universis:
779 2390 868 2476 quod
883 2389 994 2458 fidelos
1018 2392 1121 2458 nostri
1140 2391 1263 2459 domini

126 2522 280 2586 proceres
312 2503 481 2584 magnates
515 2502 549 2564 et
582 2497 707 2566 nobiles
740 2498 905 2584 ceterique
938 2501 1043 2566 status
1068 2502 1101 2567 st
1125 2499 1258 2567 ordines

127 2611 230 2676 trium
254 2608 424 2676 nationum
449 2607 529 2676 dicti
544 2607 637 2693 regni
655 2608 758 2675 nostri
784 2607 1049 2693 Transylraniaa
1072 2609 1107 2676 in
1125 2609 1261 2696 partiali

129 2719 276 2804 ipsorum
292 2722 452 2785 conventu
467 2737 600 2802 pernes
617 2715 787 2784 adiestum
802 2716 891 2782 beati
905 2715 1048 2802 Matthcj
1061 2718 1260 2802 evangeliste

128 2827 193 2894 hoc
208 2831 258 2894 est
273 2825 316 2894 ad
340 2825 426 2893 diem
444 2825 634 2909 vigesimum
650 2826 792 2911 primum
807 2825 968 2892 currentis
983 2826 1102 2892 mensis
1118 2823 1264 2911 Septem·

127 2935 206 3021 bris,
231 2935 308 3002 anni
333 2933 514 3020 praesentis
538 2933 702 3000 millesimi
726 2933 951 3002 sexcentesimi
975 2933 1106 3020 septimi
1129 2933 1264 3018 indicto,

129 3044 165 3109 in
181 3043 302 3130 oppido
326 3047 441 3110 nostro
466 3041 582 3127 nnec,
607 3041 650 3112 ad
673 3042 866 3110 mandatum
890 3045 1039 3110 nostrum
1063 3043 1261 3127 congregati,

132 3149 352 3218 exhibuerunt
366 3149 461 3218 nobis
486 3155 520 3217 et
543 3155 834 3236 praesentaverunt
849 3149 936 3218 inira
951 3151 1090 3236 scriptos
1104 3150 1262 3218 articulos

130 3258 354 3327 communibus
369 3259 516 3344 ipsorum
534 3259 618 3327 votis
634 3265 668 3326 et
685 3258 856 3346 suffragiis,
871 3261 1083 3346 generalique
1108 3279 1265 3328 consensu

129 3369 308 3454 conclusos,
333 3369 553 3454 supplicantes
576 3370 671 3436 nobis
686 3369 867 3436 humillime
883 3375 921 3438 ut
935 3370 1102 3436 universos
1117 3389 1171 3436 eos
1188 3369 1266 3435 arti·

130 3478 232 3562 culos,
249 3478 422 3564 omniaque
439 3483 472 3544 et
488 3477 616 3563 singula
631 3477 665 3545 in
676 3477 796 3546 eisdem
812 3481 975 3563 contenta,
991 3481 1088 3562 ratos,
1105 3481 1216 3562 gratm
1233 3481 1267 3542 et

133 3591 273 3672 accepta
287 3583 454 3668 habentes,
475 3591 687 3672 nostrumque
706 3608 898 3654 consensum
913 3587 978 3652 illis
993 3585 1195 3672 praebentes,
1212 3607 1268 3653 au·

128 3693 289 3760 thoritato
313 3697 426 3760 nostra
450 3694 623 3780 principali
647 3693 787 3781 benigne
811 3699 990 3780 acceptare,
1014 3692 1197 3780 approbare
1229 3697 1262 3760 et

130 3801 335 3886 confirmare,
360 3807 459 3886 atque
485 3807 554 3868 tam
580 3824 638 3870 nos
663 3804 726 3889 ipsi
751 3803 931 3887 observare,
957 3820 1055 3887 quam
1080 3821 1138 3886 per
1153 3820 1264 3868 omnes

132 3911 218 3978 alios
234 3909 401 3977 observari
416 3908 533 3996 iacere,
550 3931 688 3998 quorum
718 3913 865 3998 interest,
881 3911 1101 3998 dignaremur.
1119 3907 1265 3996 Quorum

130 4018 265 4106 quidem
281 4018 494 4086 articulorum
509 4023 604 4086 tenor
620 4020 700 4088 talis·
713 4025 771 4088 est.

239 4124 742 4196 Articulidominorum
765 4131 1270 4216 procorummagnatum

131 4242 176 4306 ct
209 4235 430 4303 nobilium
453 4241 826 4323 caeterorumque
857 4241 1054 4306 statuum
1079 4240 1123 4304 st
1156 4235 1272 4304 ordi·

130 4365 229 4412 num
259 4343 395 4410 trium
427 4345 661 4412 nationum
695 4345 827 4429 regni
861 4343 1271 4430 Traussylvaniae,

130 4454 176 4522 iu
201 4451 397 4536 partiali
424 4471 573 4519 eorum
597 4457 840 4539 conventu,
862 4451 914 4520 ab
936 4451 1268 4522 illustrissimo

131 4559 309 4630 domino
333 4557 509 4628 domino
532 4559 824 4646 Sigismundo
847 4559 1066 4648 Baleari,
1086 4559 1157 4626 dei
1180 4581 1271 4645 gra-

130 4672 201 4739 tia
232 4667 438 4755 principe
477 4668 866 4758 Tranesylvaniae
906 4669 1102 4754 partium
1141 4668 1270 4754 regni

1107 4793 1157 4846 ss*
