3218 5424
766 477 884 523 0111100111
901 474 1151 524 oseziccrtimtssx.

888 752 1018 823 LXVI.

821 903 916 964 1001.
929 901 942 984 j
955 904 1016 965 an.
1035 905 1086 966 aa

424 1045 535 1116 anuas
546 1065 578 1102 aa
594 1049 794 1119 erddlpicbuelc:
810 1051 924 1119 tudutjo,
942 1051 1011 1120 kopp
1026 1050 1148 1122 Bdthory
1168 1048 1273 1106 Gdbort
1287 1048 1457 1121 bomiriugzdrd

879 1141 1030 1199 1100001011.

493 1269 689 1356 Rudolphus
705 1277 765 1336 eto.

493 1377 697 1463 spectabiles
722 1385 782 1445 etc.
808 1379 856 1446 Ut
881 1379 1158 1448 Transsilvaniam
1175 1384 1319 1447 nostram
1335 1387 1382 1448 tot
1397 1381 1484 1446 tantis·

386 1507 449 1570 que
474 1487 698 1553 calamitatum
723 1488 876 1572 procellis
901 1489 1063 1574 agitatam
1081 1489 1123 1554 ad
1141 1490 1288 1574 quietum
1304 1511 1341 1556 ac
1355 1489 1483 1572 tranquil·

385 1595 452 1660 lum
468 1616 578 1660 rerum
595 1601 717 1662 statum
732 1597 934 1682 reducamus,
953 1619 1064 1664 omnes
1080 1599 1218 1664 sollicite
1234 1599 1357 1664 consilii
1373 1599 1485 1662 rationes

385 1703 511 1769 inimus.
536 1704 718 1770 Meministi
744 1727 808 1790 quo
833 1705 927 1772 nobis
952 1705 1028 1772 fidei
1044 1711 1248 1772 sacramento
1264 1707 1408 1772 obstricti
1421 1705 1488 1782 sitis3

386 1813 446 1877 etsi
472 1813 557 1876 enim
573 1813 703 1896 aliquae
720 1835 793 1880 oum
809 1812 978 1898 Stephano
995 1815 1164 1882 Boobkaio
1180 1816 1346 1900 pactiones
1360 1815 1487 1880 intereas

385 1921 496 2002 serint,
513 1943 577 1986 non
594 1929 703 1987 tamen
720 1943 777 1987 eae
793 1929 886 1988 ratae
902 1930 986 2007 sunt,
1005 1947 1071 1991 000
1086 1925 1194 1990 locum
1210 1924 1342 2008 babent,
1357 1923 1435 2008 quod
1447 1943 1489 1988 00-

386 2051 449 2112 que
466 2027 652 2096 Boohkaius
662 2037 777 2114 postea
792 2032 827 2096 in
843 2031 1120 2100 Transsilvaniam
1135 2035 1307 2118 ingressus,
1323 2055 1421 2117 neque
1434 2053 1491 2097 con·

386 2137 525 2203 ditiones
541 2139 617 2204 illae
633 2161 669 2204 re
685 2141 756 2224 ipsa
766 2139 978 2206 confirmatae
992 2140 1124 2207 fuerint.
1156 2140 1224 2208 Sub
1240 2143 1490 2226 protectionem

385 2252 454 2311 stra
469 2253 607 2329 paterna
626 2254 659 2313 01
677 2249 780 2313 tutius
796 2253 830 2314 et
845 2247 971 2314 felicius
986 2249 1103 2315 victuri
1120 2269 1218 2334 quam
1234 2250 1294 2316 sub
1310 2251 1397 2316 novis
1411 2248 1493 2314 domi·

384 2355 443 2438 nis,
468 2358 524 2439 qui
549 2357 667 2440 privati
693 2358 767 2441 sint,
793 2380 832 2423 ac
846 2359 1048 2443 protectione
1065 2358 1205 2424 Turcioa
1220 2359 1396 2424 violentum
1412 2357 1494 2422 domi·

384 2471 497 2528 nabun
513 2470 704 2530 sustentent.
716 2463 807 2550 Quae
817 2465 949 2550 quidem
964 2466 1122 2533 subiectio
1139 2489 1236 2552 quam
1249 2467 1401 2551 periculis
1415 2465 1494 2550 plena

385 2593 482 2654 quam
508 2573 615 2655 gravis
640 2595 679 2639 ao
705 2573 788 2640 dura
813 2575 863 2658 sit,
884 2576 1010 2659 experti
1030 2575 1116 2658 estis,
1133 2575 1232 2640 toties
1248 2575 1308 2640 sub
1325 2574 1438 2640 talibus
1450 2595 1495 2656 ps·

387 2681 469 2744 triae
495 2682 655 2746 excidium
680 2683 775 2766 passi.
792 2682 843 2748 Ne
859 2683 961 2748 ullam
978 2682 1150 2749 dubitandi
1166 2704 1246 2748 neve
1262 2682 1421 2748 metuendi
1435 2702 1495 2746 cau·
1532 2736 1535 2745 .

387 2810 455 2852 sam
471 2788 630 2872 habeatis,
647 2795 809 2857 00100110
825 2792 947 2874 gremio
957 2791 1209 2874 gubernatorem
1224 2791 1314 2857 vobis
1331 2789 1496 2856 Transibo-

386 2897 458 2962 uiae
475 2899 574 2962 civem
591 2899 780 2982 optimatem
796 2900 1007 2983 optimatibus
1022 2905 1136 2966 natum
1152 2897 1362 2983 spectabilem
1392 2905 1422 2964 et
1442 2917 1497 2962 ma-

386 3005 538 3089 gnificum
563 3006 693 3071 fidelem
712 3006 806 3072 nobis
840 3007 996 3074 dilectum
1031 3005 1222 3074 Gabrielem
1246 3007 1442 3074 Batborenm
1464 3005 1496 3069 110

385 3113 507 3180 80111110
524 3115 602 3180 dare
618 3116 850 3198 constituimus
868 3116 924 3199 qui
939 3116 1124 3182 salubribus
1140 3116 1283 3182 consiliis
1298 3116 1402 3182 locum
1418 3113 1495 3180 datu·

385 3331 503 3396 larium
529 3329 633 3398 salute
658 3331 792 3416 pacifice
817 3333 1032 3417 procuranda,
1058 3333 1202 3416 auspicio
1222 3331 1387 3416 ductuque
1402 3336 1496 3396 nostro

389 3439 623 3524 invigilaturus,
648 3462 840 3525 omnemque
870 3443 1064 3507 industriam
1099 3441 1307 3507 adhibiturus
1338 3442 1387 3505 sit.
1417 3437 1496 3504 Haeo

384 3548 548 3615 vobiscum
573 3555 699 3615 mature
725 3551 964 3635 diligenterque
989 3555 1148 3635 reputate,
1164 3571 1220 3616 100
1235 3555 1422 3632 vestrosque
1438 3565 1497 3612 cum

384 3657 515 3742 possitis
541 3664 676 3741 servate,
702 3660 742 3724 (10
766 3660 876 3742 gratia
900 3663 1014 3725 nostra
1037 3659 1129 3724 vobis
1154 3659 1261 3725 omnia
1279 3663 1415 3741 sperate,
1430 3673 1496 3738 quos

383 3764 612 3849 benignissime
636 3769 889 3853 complectimur.
915 3767 1041 3833 Datum
1056 3768 1091 3832 in
1108 3788 1183 3832 arce
1200 3771 1313 3832 nostra
1328 3767 1417 3849 regia
1431 3761 1497 3827 Pra-

384 3895 444 3956 gae
470 3874 521 3938 die
546 3871 1184 3959 110001001011101000010101111.Αοοο
1201 3873 1322 3940 donini
1346 3871 1498 3940 millesimo

384 3984 615 4048 sexcentesimo
625 3984 771 4068 septimo.
787 3983 975 4067 Regnorum
991 3987 1175 4048 nostrorum
1191 3981 1333 4047 Romani
1349 3980 1497 4066 trigesimo

384 4089 532 4174 seeundo,
556 4089 741 4175 Hungarici
760 4091 927 4176 trigesimo
943 4090 1059 4174 quinto
1084 4096 1117 4155 et
1141 4087 1311 4156 Bohemioi
1327 4089 1437 4156 itidem
1451 4083 1496 4150 tri·

384 4200 506 4283 gesimo
522 4199 645 4283 quinte.

783 4308 839 4372 Ad
855 4308 1046 4374 mandatum
1062 4329 1142 4374 sacr.
1160 4328 1242 4372 caes.
1258 4305 1334 4370 11111Β
1349 4303 1497 4391 proprium

382 4417 568 4504 Leopoldus
585 4421 605 4484 1
621 4415 841 4484 Stralendorff
853 4440 894 4482 m.
909 4441 939 4503 p.
1169 4416 1195 4484 J
1196 4437 1224 4484 o.
1240 4415 1410 4482 Baruitius
1424 4433 1460 4478 m.
1473 4428 1495 4489 p·

490 4537 631 4590 Killanion:
654 4534 701 4589 Ad
716 4535 828 4591 ordines
845 4535 1086 4591 Transsilvauiae.
1197 4545 1201 4554 ⁴

492 4659 612 4736 (Elnem
623 4659 734 4716 kiild'ott
750 4660 865 4732 fogalm.
882 4680 899 4717 a
914 4658 991 4716 bdcsi
1008 4678 1046 4717 cs.
1062 4657 1092 4716 ds
1108 4660 1160 4716 kir.
1177 4657 1225 4716 all.
1242 4659 1274 4715 lt.
1291 4654 1399 4730 Iiuug.)
