3030 5416
319 461 383 524 248
692 469 810 519 sensuri
826 469 1077 519 casuleerltuasas.

320 645 485 706 reservata
511 643 544 705 et
568 637 702 723 reliquis
728 634 833 701 tribus
849 633 997 719 partibus
1013 638 1087 702 aliis
1102 638 1247 704 colendis
1267 637 1421 703 relictis.
1436 635 1479 700 In

319 769 414 834 quem
423 746 521 813 finem
529 746 683 830 magister
695 750 921 810 montanorum
933 743 1162 812 Silesiacorum
1177 745 1203 812 J
1204 769 1342 813 oannes
1355 742 1479 810 Kauff-

236 887 240 894 ·
318 876 395 922 man
427 875 465 921 eo
496 856 646 937 mittitur,
671 859 708 918 ut
733 851 773 916 de
796 851 886 918 venis
902 854 1075 919 metallicis
1090 855 1244 937 inquirat,
1263 859 1304 920 et
1324 854 1480 938 qualiter

319 963 396 1028 illae
406 962 611 1047 postmodum
622 960 777 1027 colendae
792 960 867 1042 sint,
882 961 1013 1026 modum
1029 963 1195 1044 instituat3
1211 963 1321 1028 sicuti
1339 979 1479 1045 quoqne

321 1072 466 1136 curaturi
491 1091 601 1136 sumus
625 1075 663 1135 ut
689 1075 831 1135 sectores
847 1073 881 1134 et
897 1069 962 1152 alii,
979 1071 1036 1153 qui
1051 1069 1212 1136 fodiendis
1227 1071 1393 1136 metallis
1410 1071 1479 1134 ani·

320 1201 409 1246 mum
435 1180 649 1265 applicarunt,
666 1200 706 1244 ex
717 1178 780 1244 bac
796 1184 829 1243 et
844 1177 917 1244 aliis
932 1179 1053 1243 nostris
1067 1179 1243 1264 provinciis
1257 1179 1478 1264 praesertim

320 1309 396 1354 vero
422 1309 461 1353 ex
476 1290 640 1354 montanis
656 1287 840 1353 civitatibus
855 1285 1055 1370 Hungaricis
1070 1309 1108 1353 eo
1123 1288 1290 1354 ducantur
1310 1294 1351 1354 et
1368 1287 1478 1353 cultu·

319 1416 376 1460 rae
392 1395 441 1462 illi
457 1397 663 1462 metallorum
678 1395 905 1460 adhibeantur.

427 1519 685 1606 Nagibanienses
710 1522 781 1586 auri
808 1526 841 1585 et
859 1522 986 1603 argenti
1011 1519 1149 1604 fodinae,
1174 1543 1227 1587 res
1243 1523 1475 1602 monetariae,

319 1629 501 1714 redemptio
517 1632 589 1695 auri
606 1636 639 1696 et
655 1631 721 1696 alia
737 1635 851 1695 nostra
866 1629 991 1713 regalia
1009 1627 1130 1695 ibidem
1146 1629 1313 1697 hactenus
1333 1630 1473 1715 quidem

320 1735 486 1803 Gerharto
512 1737 700 1803 Lisabonae
726 1743 760 1802 et
784 1737 927 1820 collegae
958 1737 1060 1820 ipsius
1086 1735 1231 1822 Georgio
1258 1739 1407 1822 Wagen
1439 1737 1471 1801 in

321 1851 444 1912 certam
460 1845 615 1910 arendam
641 1844 774 1911 fuerunt
797 1845 933 1910 locatae.
960 1841 1025 1908 Sed
1050 1844 1200 1910 dabimus
1217 1849 1321 1912 certis
1341 1844 1470 1911 nostris

321 1953 550 2022 commissariis
565 1955 600 2019 in
624 1953 795 2036 mandatis,
820 1957 858 2017 ut
874 1951 1028 2018 arandam
1044 1952 1141 2018 istam
1156 1953 1236 2038 ipsis
1251 1955 1468 2032 renunciant,

320 2083 360 2128 ac
374 2081 471 2145 super
495 2063 675 2147 praeterita
699 2067 733 2127 et
759 2062 897 2127 restanti
922 2063 1094 2126 autetiam
1120 2084 1217 2147 super
1236 2061 1466 2149 emptione,si

320 2192 404 2256 quae
419 2171 592 2238 tractanda
607 2171 738 2256 fuerint,
755 2194 828 2238 oum
852 2172 931 2256 ipsis
957 2172 1166 2256 conveniaut3
1183 2178 1216 2238 et
1232 2173 1340 2239 talem
1359 2171 1465 2238 cultu-

319 2303 390 2346 ram
407 2280 523 2346 deinde
548 2281 706 2364 peculiari
731 2281 928 2345 minerarum
953 2277 1116 2363 praefecto
1141 2287 1200 2346 aut
1225 2279 1463 2364 camergranio

319 2395 440 2472 nostro,
455 2393 493 2453 ut
516 2393 641 2472 vocant,
667 2389 889 2470 committant3
915 2407 1010 2470 quern
1027 2388 1087 2454 etsi
1114 2389 1196 2454 alias
1212 2410 1368 2454 camerae
1386 2385 1462 2454 Soe-

319 2497 463 2580 pusiensi
478 2496 611 2580 suberit,
628 2498 697 2581 ipse
713 2496 855 2562 director
871 2503 905 2560 et
921 2495 1098 2561 consiliarii
1116 2498 1220 2562 nostri
1236 2504 1382 2582 propter
1398 2494 1461 2560 loci

320 2605 522 2670 vicinitatem
538 2605 658 2671 auxilio
669 2606 855 2686 etconsilio,
866 2603 1123 2689 quandocunque
1139 2606 1332 2690 postulabit,
1350 2625 1459 2690 prom-

319 2717 376 2798 pte
392 2715 556 2780 iuvabunt.

427 2840 577 2907 Urburas
602 2863 739 2926 quoque,
764 2847 802 2906 ut
826 2841 947 2924 dicunt,
973 2863 1057 2926 quae
1076 2841 1170 2907 nobis
1195 2839 1236 2906 de
1256 2843 1405 2909 metallis
1422 2840 1455 2904 in

321 2970 615 3034 quorumquuuque
639 2950 734 3015 bonis
750 2951 888 3015 inventis
904 2951 1012 3032 vigore
1028 2950 1299 3015 constitutionum
1314 2947 1455 3016 metalli·

320 3079 431 3124 carum
448 3063 481 3123 et
496 3057 699 3123 decretorum
723 3058 816 3140 regni
842 3057 1030 3142 debeantur,
1056 3057 1200 3122 director
1224 3062 1259 3123 et
1275 3053 1454 3124 consiliarii

320 3167 424 3232 nostri
440 3165 482 3232 ad
499 3187 661 3231 cameram
677 3172 823 3232 nostram
840 3165 1004 3249 colligiae
1022 3165 1147 3250 percipi
1163 3171 1286 3232 curent

420 3306 516 3392 Quod
526 3309 553 3375 si
565 3311 621 3394 qui
632 3330 666 3374 se
676 3331 696 3374 a
706 3309 868 3376 solutione
879 3331 991 3376 earum
1000 3309 1195 3376 urburarum
1206 3315 1375 3396 exemptos
1386 3327 1450 3374 esse

323 3417 546 3502 allegaverint,
562 3419 741 3484 consiliarii
751 3419 855 3485 nostri
874 3419 986 3484 literas
1006 3439 1117 3483 earum
1135 3418 1376 3502 exemptionum
1392 3414 1452 3482 sibi

322 3525 468 3592 exbiberi
483 3527 660 3612 postulent,
676 3549 714 3594 ac
731 3527 843 3610 quales
860 3549 1021 3611 quamque
1031 3525 1179 3593 efficaces
1194 3528 1270 3610 sint,
1284 3527 1451 3602 revideant

322 3657 361 3700 ac
378 3635 574 3719 discernant,
600 3639 658 3701 aut
682 3656 750 3719 nos,
776 3637 803 3701 si
820 3657 886 3720 qua
909 3636 1008 3701 inerit
1024 3634 1196 3716 dubitatio,
1212 3636 1368 3700 certiores
1383 3630 1450 3700 red-

323 3745 404 3812 dant
420 3751 453 3812 et
469 3767 565 3831 super
580 3746 632 3811 his
646 3746 879 3812 resolutionem
894 3749 1039 3812 nostram
1056 3749 1237 3830 expectent

429 3869 608 3938 Praeterea
625 3893 697 3938 cum
712 3871 875 3956 prioribus
892 3869 1179 3938 constitutionibus
1195 3871 1330 3936 vetitum
1346 3871 1398 3955 sit,
1412 3887 1449 3934 ue

321 3979 410 4066 quod
434 4000 550 4045 aurum
575 3986 785 4066 argentumve
809 3979 892 4044 rude
918 3985 951 4045 et
975 4000 1040 4045 non
1065 3980 1228 4064 signatum
1254 3975 1449 4064 eprovincia

321 4091 520 4174 exportetur,
545 4089 602 4156 sed
627 4090 662 4154 in
687 4111 781 4156 omne
798 4087 840 4155 ad
866 4109 1025 4154 cameram
1051 4087 1274 4154 redimendum
1289 4086 1447 4166 afferatur,

321 4197 463 4264 director
488 4202 521 4264 et
545 4199 722 4266 consiliarii
747 4199 852 4265 nostri
877 4195 1125 4282 quibusmodis
1150 4217 1189 4260 ea
1213 4195 1393 4282 redemptio
1416 4197 1446 4261 iu

322 4306 490 4390 provincia
513 4306 579 4372 ista
594 4307 628 4372 in
644 4306 724 4373 locis
749 4329 769 4372 a
784 4307 857 4373 loco
885 4305 1024 4372 ousionis
1051 4307 1201 4370 monetae
1217 4303 1347 4390 longius
1363 4303 1447 4370 dissi·

322 4414 366 4482 tis
383 4435 456 4479 cum
480 4413 593 4500 aliqua
617 4419 731 4481 nostra
755 4415 899 4480 utilitate
918 4412 988 4479 fieri
1005 4415 1038 4478 et
1054 4410 1238 4478 continuari
1254 4413 1366 4498 possit,
1382 4411 1446 4479 dili·

324 4525 438 4608 genter
453 4521 653 4607 provideant.

432 4649 607 4734 Inquirant
632 4649 731 4716 etiam
750 4651 936 4718 accuratius
950 4647 985 4715 iu
1001 4667 1064 4729 eos,
1088 4646 1145 4731 qui
1160 4651 1309 4714 monetas
1327 4648 1444 4734 quales·
