3062 5414
459 459 554 518 1602.
576 479 653 518 naon.
680 455 818 518 10-15.
1145 451 1208 518 155

106 649 110 657 '
190 631 284 719 Quod
299 633 450 702 Marcum
474 634 642 702 vsisodam
666 633 709 699 ab
735 631 941 718 expeditione
957 629 1152 718 Moldavica
1168 654 1209 700 ue

96 741 200 810 Poloni
213 745 395 828 irritentur,
410 745 577 827 revocasti,
592 745 681 810 recte
700 731 832 810 iactum.

187 851 364 936 Equitabrs
388 851 565 920 Silesiaons
588 851 671 919 sieo
695 873 761 919 nou
776 871 973 936 magnopere
989 872 1049 938 per
1063 849 1210 937 hyemem

95 981 163 1043 opus
177 961 246 1043 erit,
271 960 395 1028 videbis
419 960 580 1046 quomode
605 964 639 1026 et
663 957 794 1044 quando
820 958 1034 1026 dimittendus
1049 959 1100 1026 sit
1117 957 1209 1044 Quae

96 1088 158 1134 sero
173 1069 283 1152 copiae
297 1069 332 1135 in
349 1068 576 1136 Transilvania
585 1067 765 1134 necessario
781 1067 969 1134 retinendae
985 1074 1019 1134 et
1033 1069 1067 1134 in
1082 1067 1210 1134 futuras

94 1175 302 1262 expeditiones
317 1178 519 1244 necessariae
534 1177 609 1261 sint,
628 1177 697 1262 ipse
706 1177 865 1261 dispiciea
881 1175 1063 1244 'Parcarum
1078 1177 1209 1244 interim

95 1285 215 1352 consilia
229 1284 422 1370 obseruatis,
437 1307 561 1370 nosque
577 1284 618 1351 de
633 1285 683 1369 iis,
698 1305 782 1370 quae
801 1284 973 1370 explorata
982 1283 1127 1368 babebis,
1143 1305 1210 1350 cer-

18 1453 19 1458 ,
94 1392 182 1458 tiores
197 1392 304 1460 iacies.
329 1393 397 1461 Res
422 1395 602 1462 annonaria
626 1391 788 1478 quomodo
804 1395 992 1478 tempestive
1009 1398 1043 1460 et
1058 1395 1091 1459 in
1107 1391 1210 1460 Tran-

18 1587 23 1598 ἱ
94 1500 215 1568 dlsania
239 1509 273 1568 et
307 1504 341 1568 in
365 1503 532 1588 superiore
557 1501 732 1588 Hungaria
761 1503 929 1588 procurari
953 1501 1209 1570 commodissime

94 1618 189 1694 queat,
203 1613 349 1695 cupimus
365 1611 425 1678 tibi
440 1633 538 1680 omae
554 1614 606 1680 sit

186 1719 232 1786 nt
246 1743 321 1787 cnm
336 1727 413 1788 ante
437 1721 500 1788 bac
515 1721 643 1788 Turoae
662 1719 760 1788 variis
776 1719 880 1787 modis
895 1741 1007 1804 paoem
1024 1721 1210 1806 quesierint,

18 1885 19 1888 ,
95 1845 199 1909 operae
213 1829 358 1912 precium
383 1827 491 1914 fuerit,
516 1829 594 1914 quid
613 1827 709 1895 modo
724 1829 824 1894 animi
839 1827 991 1912 babeant,
1007 1829 1035 1894 si
1060 1829 1209 1896 observes

93 1933 118 1996 si
131 1933 234 2002 dextre
249 1935 292 2003 ad
317 1935 458 2004 confinia
481 1959 539 2022 per
564 1937 709 2004 homines
734 1937 867 2004 idoncos
882 1937 1036 2022 inquiras,
1052 1937 1210 2022 nobisque

94 2043 162 2124 qnid
175 2047 376 2130 compereris,
402 2045 572 2130 significes.
597 2043 632 2113 Si
649 2046 748 2112 etiam
764 2043 901 2110 inveniri
918 2043 1032 2110 modus
1048 2047 1158 2130 possit,
1174 2053 1211 2112 ut

94 2147 212 2218 Tartari
226 2173 296 2220 sese
312 2175 333 2220 a
347 2151 465 2221 'furcis
474 2159 636 2240 separent,
655 2159 689 2220 et
704 2152 746 2220 ab
762 2153 880 2220 iniuria
896 2154 1015 2220 nostris
1030 2152 1148 2220 finibus
1164 2156 1210 2220 in·

94 2245 211 2326 ferenda
225 2260 420 2346 abstineant,
444 2261 543 2329 rebus
568 2263 602 2330 in
627 2263 748 2328 nostris
768 2261 862 2328 valde
898 2262 1100 2328 commodum
1118 2261 1211 2347 soret,

18 2443 19 2456 ἶ
94 2363 130 2430 ed
143 2367 223 2449 qnod
237 2369 432 2438 industriam
449 2375 483 2438 et
498 2393 609 2438 curam
632 2369 810 2438 adhibebis

184 2489 345 2578 Quoniam
370 2495 468 2562 etiam
501 2499 616 2563 nostra
641 2497 675 2562 in
709 2517 747 2563 eo
773 2496 969 2563 consultatio
992 2501 1148 2580 versatur,
1174 2499 1210 2562 ut

95 2599 318 2682 expeditionem
341 2603 376 2669 in
400 2603 581 2688 proximam
597 2609 756 2671 aestatem
771 2603 1038 2688 redintegramus,
1054 2603 1210 2670 indicium

18 2785 19 2790 ἵ
95 2707 193 2774 audire
208 2715 301 2776 tunm
325 2711 469 2796 velimus,
493 2712 571 2796 qnid
596 2713 806 2798 potissimum,
831 2733 896 2796 qua
915 2711 948 2777 in
965 2717 1060 2796 parte
1078 2713 1211 2796 suseipi-

18 2853 20 2896 s
95 2815 197 2882 endum
219 2818 280 2885 tibi
306 2818 464 2906 videatur,
490 2827 523 2888 et
539 2842 614 2888 num
640 2823 688 2888 ita
706 2841 775 2886 rem
791 2821 920 2886 institui
936 2841 1029 2904 posse
1046 2821 1211 2886 existimes

96 2926 128 2985 ut
139 2928 277 3010 uterque,
293 2927 321 2991 si
337 2947 419 3012 opus
443 2930 495 3012 sit,
511 2929 673 2994 exercitus
693 2927 918 3010 coniungatur.
933 2925 986 2992 De
1004 2933 1133 2993 caetero
1149 2927 1210 2993 stb.

18 3077 20 3134 ἱ
97 3025 204 3098 Datum
219 3033 349 3118 Pragae
366 3040 394 3101 6.
411 3035 610 3120 Decembris,
626 3057 711 3103 anno
737 3039 832 3101 1602.

18 3517 20 3550 Ι

18 3589 20 3722 p

18 3745 22 3838 i

18 4011 23 4038 ·

18 4133 21 4244 i

188 3187 226 3240 Aa
241 3189 296 3242 irat
311 3189 386 3244 deo:
405 3187 528 3261 Georgio
547 3189 647 3248 Basta.

180 3325 423 3406 (Pegelmaavdny
439 3350 457 3388 a
473 3331 550 3390 bessi
566 3352 604 3392 os.
621 3329 651 3390 ds
668 3333 721 3392 kir.
737 3331 785 3392 eu,
802 3329 991 3390 levdltdrbau.
1008 3329 1117 3404 Husrg.)

571 3559 727 3631 XXXV.

450 3705 544 3772 1609.
561 3703 673 3774 deca.
693 3705 832 3771 10-15.

334 3855 360 3910 A
374 3859 596 3928 mesenatae
609 3859 793 3932 orraeyqyuzo
809 3857 948 3928 amoma

186 3983 254 4056 Nos
269 3987 431 4076 Georgius
446 3989 550 4059 Basta
566 3991 715 4062 dominus
730 3995 765 4062 in
792 3992 867 4062 Sult
884 4015 985 4078 eques
1001 3995 1136 4059 auratus
1162 4013 1211 4058 sa·

101 4100 449 4184 nmeemreaeregiae
458 4101 640 4168 maiestatis
658 4123 697 4170 eo
707 4102 860 4170 catholici
875 4103 962 4186 regis
973 4100 1211 4185 Hispaniarum

101 4204 278 4273 consiliarius
287 4205 426 4274 bellicus
444 4209 653 4296 eiusdemque
671 4231 784 4277 sacrae
803 4229 886 4276 caea.
901 4210 1011 4294 regiae
1028 4210 1102 4276 mtis
1122 4232 1212 4274 exer·

104 4303 170 4374 citus
190 4318 222 4380 et
243 4317 336 4400 regni
363 4316 611 4384 Transilvaniae
626 4317 788 4402 generalia
804 4318 995 4401 capitaneus
1011 4323 1070 4382 eto.
1087 4316 1212 4382 Memo-

102 4411 156 4478 riae
180 4424 436 4492 commendamus
461 4431 574 4492 tenore
600 4427 820 4511 praesentium
847 4424 1070 4509 significantes
1094 4427 1213 4510 quibus

104 4527 212 4604 expedit
229 4535 397 4618 uniuersis,
417 4533 505 4619 quod
520 4531 684 4617 magnifici
700 4535 849 4618 generosi
865 4535 986 4618 egregij
1000 4535 1125 4602 nobiles
1141 4559 1212 4602 eoe-

105 4627 208 4716 teriqus
226 4647 330 4708 status
356 4645 391 4708 et
414 4641 545 4708 ordinas
570 4641 708 4710 duarum
724 4645 894 4710 nationum
909 4644 1002 4726 regni
1019 4643 1212 4730 Transylsa·
