3042 5404
497 537 590 596 1603.
601 545 698 598 staca.
716 541 744 598 9.

603 835 639 922 0)

286 987 312 1042 Α
329 987 427 1044 residet
442 987 556 1058 mephat
574 989 653 1046 arete
668 1009 687 1044 a
701 991 807 1046 tonsas
821 992 955 1050 ezdmdrc.

161 1121 389 1190 sacratissime
405 1143 556 1190 caesarea
571 1145 611 1191 ac
625 1125 716 1210 regia
731 1125 899 1212 Maiestas,
916 1129 1045 1198 domiue
1061 1129 1189 1200 domine

68 1231 309 1297 clementissima

162 1337 373 1425 Quantopere
397 1340 514 1406 misera
538 1339 619 1408 haec
644 1349 677 1408 et
702 1341 829 1410 afflicta
854 1343 1101 1414 Transilvaniae
1115 1371 1190 1434 pro-

7 1421 9 1426 ¹
67 1447 167 1533 vincia,
183 1448 388 1534 superiorum
412 1445 573 1513 bellorum
588 1449 839 1534 tempestatibus
863 1453 1041 1538 exagitata,
1056 1455 1188 1540 iamque

68 1557 104 1620 ad
116 1565 291 1622 extremam
306 1555 441 1622 redacta
467 1555 509 1622 sit
525 1555 767 1644 desolationem,
792 1560 896 1626 latere
911 1583 991 1627 sacr.
1008 1583 1089 1628 caes.
1105 1565 1189 1648 regi-

70 1685 173 1752 amque
196 1665 304 1734 Mtem
320 1665 424 1735 Vram
450 1687 516 1732 uon
531 1671 647 1750 potest
674 1667 715 1733 In
731 1667 849 1752 quibus
874 1670 1005 1754 quidem
1029 1675 1189 1758 angustiis

7 1859 9 1864 Ι
67 1797 129 1840 urm
143 1773 183 1839 ab
199 1776 296 1841 unica
311 1795 393 1840 sacr.
409 1793 492 1839 caea
506 1775 678 1858 regiaeque
694 1775 777 1842 Mtis
793 1797 869 1842 rrae
889 1779 1061 1844 clementia
1076 1780 1186 1864 periu-

7 1945 8 1950 ,
68 1885 143 1967 ginm
157 1887 379 1969 auxiliumque
403 1882 496 1950 nobis
522 1905 688 1969 superesse
712 1907 934 1972 agnoscamus,
950 1889 1075 1972 legatos
1091 1889 1188 1956 hosce

68 1992 424 2078 nostroszmaguificunq
433 2013 605 2075 generosos
614 2013 653 2060 ac
662 1995 808 2078 egregios
818 1994 964 2062 dominos
974 1995 1189 2064 Benedictum

7 2093 8 2178 Q
70 2105 236 2169 lfindzenti
252 2101 292 2166 de
306 2101 416 2184 Vicae,
432 2101 623 2184 magistrum
642 2099 667 2165 J
668 2123 806 2168 oannem
822 2101 862 2168 de
880 2107 1097 2194 Kirolifalwc
1113 2127 1187 2191 pro·

7 2207 9 2224 ¹
69 2212 264 2294 musterium,
280 2207 525 2294 Sigismundum
541 2207 582 2274 de
602 2209 830 2298 Sarmcssaqlr,
856 2217 890 2275 et
904 2207 930 2275 J
932 2231 1069 2276 oannem
1085 2215 1188 2302 Petlry

7 2307 8 2394 f
69 2315 102 2380 de
115 2319 205 2400 Dera,
221 2341 261 2386 ac
275 2318 451 2404 prudentes
468 2324 502 2383 et
517 2319 767 2403 circumspectos
783 2317 920 2385 Gallum
935 2323 1053 2386 Lctsclr
1071 2329 1104 2386 et
1121 2319 1187 2388 Ge-

7 2431 8 2466 ³
69 2429 180 2510 orgium
205 2430 328 2494 Entedt
352 2427 477 2492 iuratos
501 2426 587 2492 ciues
613 2425 813 2494 Oibinieuses
831 2427 874 2492 ad
890 2449 970 2493 sacr.
988 2449 1069 2494 caes.
1085 2449 1124 2495 ac
1140 2451 1188 2494 re·

7 2521 9 2600 ξ
69 2535 143 2616 pem
157 2535 262 2602 Mtem
277 2534 383 2602 Vram
406 2533 598 2618 suppliciter
622 2533 849 2619 expedivimus.
864 2533 1058 2602 Humillime
1074 2536 1188 2622 itaque

7 2635 9 2692 ἓ
69 2664 138 2711 sacr.
153 2667 233 2711 caes.
249 2667 289 2710 ac
304 2645 414 2728 regiae
429 2641 496 2708 Mti
508 2641 650 2711 Vestrae
665 2643 714 2711 uti
734 2642 864 2710 domino
881 2651 992 2711 nostre
1008 2645 1189 2712 elementis·

7 2747 9 2786 ⁵
71 2753 139 2818 nmo
163 2754 393 2838 supplicamus,
418 2757 455 2816 ut
481 2771 535 2816 eos
560 2773 625 2816 non
649 2751 755 2818 miuus
787 2753 819 2818 iu
854 2759 1063 2839 conspectum
1094 2776 1188 2820 suum

7 2901 10 2960 ᾗ
70 2857 190 2945 benigne
206 2861 390 2942 admittere,
420 2879 518 2944 quarn
534 2879 573 2924 ea
589 2879 672 2943 quae
697 2861 825 2925 nomine
841 2859 1072 2926 afflictissimae
1088 2861 1185 2927 huius

7 3009 9 3048 ὲ
69 2970 237 3052 provinciae
253 2967 425 3036 referenda
450 2967 528 3052 ipsis
548 2967 772 3050 commisimus,
798 2975 995 3052 exponentes
1012 2969 1188 3035 clementer

7 3109 9 3168 ᾗ
70 3077 216 3162 exaudire,
240 3077 339 3143 fidem
362 3077 428 3142 illis
453 3073 582 3158 habere,
607 3083 640 3140 et
656 3097 729 3140 cum
745 3075 889 3158 gratioso
906 3097 1059 3162 responso
1076 3079 1185 3144 remit·

7 3169 9 3248 f
70 3189 127 3250 tere
141 3208 203 3252 uon
219 3185 422 3269 dedignetur.
439 3183 490 3248 De
506 3189 633 3249 caetero
649 3183 832 3248 humillime
842 3184 997 3270 obsequia
1013 3192 1046 3250 et
1062 3184 1185 3251 subiec-

7 3275 9 3280 ’
71 3293 175 3359 tionem
191 3301 337 3360 nostram
352 3313 432 3358 sacr.
449 3311 530 3356 caes.
546 3311 585 3356 ac
596 3291 703 3374 regiae
713 3289 882 3356 Maiestati
894 3291 1032 3360 Vestrae
1049 3291 1185 3358 demisse

7 3413 10 3498 ξ
70 3399 231 3485 offerentes,
257 3400 393 3467 eandem
416 3397 459 3466 ad
484 3399 622 3464 sulutem
648 3399 969 3484 incolumitatemque
992 3400 1093 3468 tetius
1125 3401 1186 3465 rei·

70 3509 203 3594 publicae
228 3509 425 3574 christianae
450 3529 549 3591 quam
584 3507 763 3573 diutissime
794 3514 827 3572 et
851 3505 1055 3592 faelicissimo
1079 3507 1187 3573 valere

7 3601 9 3678 i
70 3627 252 3703 exoptamus
267 3617 392 3682 Datum
408 3617 442 3681 iu
467 3615 598 3682 civitate
614 3613 782 3698 Colosuar,
808 3613 859 3680 die
875 3613 941 3680 IX.
958 3613 1084 3700 Martij‚
1101 3635 1186 3678 anno

7 3821 9 3838 r
70 3724 176 3794 domiui
190 3723 361 3792 MDOIIL

7 4597 10 4658 ’

7 4879 12 4974 ι

163 3835 253 3902 Sacr.
268 3855 350 3901 caes
366 3855 405 3900 ac
421 3833 529 3916 regiae
544 3829 627 3898 Mtis
642 3831 733 3900 Vrue

482 3941 655 4008 humillimi
675 3947 708 4006 et
724 3937 951 4006 subiectissimi
966 3937 1078 4004 fideles

595 4069 633 4115 ae
643 4047 791 4134 perpetui
808 4046 997 4112 servitores:

483 4155 688 4224 Universitas
703 4162 848 4222 statuum
873 4161 973 4240 atque
989 4153 1076 4220 ordi·

483 4288 559 4332 uum
576 4267 675 4332 trium
685 4265 853 4330 nationum
870 4261 1140 4328 Traussilvaniee.

162 4423 298 4480 Kelezim:
324 4422 536 4480 sacratissimae
561 4419 753 4474 Romanorum
780 4414 980 4488 imperatoriae
1005 4433 1038 4470 se
1063 4413 1181 4470 Germa·

72 4509 132 4580 uiae,
145 4513 314 4585 ilungariae,
331 4513 492 4580 Bohemiae,
510 4518 563 4567 etc.
582 4510 677 4581 regiae
694 4505 848 4574 Maiestati,
865 4511 918 4560 etc.
936 4504 1050 4559 domiuo
1066 4505 1183 4560 domiuo

74 4601 280 4662 clementissimo.

7 4735 9 4762 ι
122 4709 267 4782 (Tireukdt
281 4711 418 4785 pecsdttel
434 4709 525 4767 lezdrt
541 4707 677 4780 credetije
694 4725 711 4763 a
727 4703 803 4761 bdcsi
820 4705 895 4758 kam.
913 4702 944 4759 lt.
962 4701 1036 4756 Sieb.
1053 4699 1129 4768 Aet.)

7 4845 9 4878 ί
117 4845 557 4902 saepenumero-remissam.
1029 4821 1058 4868 ¹⁵
