3042 5404
488 497 581 554 leot.
597 517 674 554 neca.
695 498 744 552 18.
1116 491 1176 554 171

1 645 2 648 ¹
63 679 95 732 et
108 668 253 735 hliehaeli
269 677 302 734 et
326 668 501 734 heredibus
520 669 587 734 suis
602 668 762 752 insignem
778 669 902 734 curiam
918 667 1015 734 Bolia
1031 675 1178 736 vocatam

65 798 130 841 cum
144 777 290 842 omnihus
305 777 511 862 pertinentiis
527 777 722 860 contulerat,
737 775 793 842 ubi
809 774 952 842 Michael
968 797 1096 860 semper
1110 773 1179 842 offi-

64 884 165 949 cialem
179 884 323 951 habehat
347 885 525 970 proprium,
551 885 606 970 qni
625 885 694 952 eius
711 885 821 952 curiae
836 883 984 951 redditus
999 883 1048 950 illi
1064 883 1098 950 in
1113 881 1179 952 Vo-

62 992 189 1058 lachiam
203 992 458 1059 transmittebat

157 1101 240 1167 Item
255 1103 373 1168 relicta
388 1121 518 1187 quoque
542 1099 701 1187 Stephani
719 1099 875 1168 vaivodse
889 1099 1084 1183 Moldariae,
1101 1123 1178 1166 non·

63 1207 241 1276 nullahona
265 1207 354 1276 haud
378 1209 624 1288 contemnenda,
649 1229 787 1294 quorum
803 1210 935 1276 nomina
948 1209 1028 1274 mihi
1044 1229 1109 1275 nou
1126 1229 1178 1274 oo-

63 1325 191 1400 ourrunt,
206 1317 385 1384 obtinebat
400 1316 486 1384 Erat
503 1324 613 1384 autem
628 1315 681 1383 hic
700 1315 886 1402 Stephanus
901 1317 966 1400 ills,
983 1317 1038 1402 qui
1055 1314 1178 1382 Aronis

1 1509 3 1520 y
34 1407 38 1414 ’
61 1424 200 1491 vuvodae
215 1426 250 1491 in
273 1427 391 1509 locum,
408 1427 463 1512 qui
480 1426 522 1493 ob
546 1426 756 1511 suspitionem
782 1425 824 1491 sd
844 1423 988 1491 Polouos
1003 1431 1037 1490 et
1053 1423 1179 1490 Turcas

61 1532 245 1618 defectionis,
269 1539 385 1619 captus
410 1555 430 1600 a
454 1533 695 1600 Traussilvauis
720 1531 837 1616 luerat,
862 1552 921 1618 per
937 1531 1179 1617 sigismundum

1 1722 2 1725 Ἴ
61 1639 209 1726 suffectus,
224 1649 342 1728 postea
365 1639 558 1708 aPolonioo
584 1643 730 1708 exercitu
752 1643 866 1724 rictus,
891 1647 1007 1726 captus
1032 1645 1065 1705 et
1079 1661 1180 1726 penes

61 1748 143 1816 fidem
167 1749 375 1834 Sigismundi,
391 1750 440 1816 vel
456 1751 565 1836 potius
580 1772 657 1818 suae
681 1751 863 1818 maiestatis
885 1749 918 1816 in
938 1749 1049 1834 polum
1066 1747 1179 1814 crude-

60 1859 167 1926 lissime
181 1881 283 1946 opera
299 1859 488 1926 cancellarii
503 1857 651 1926 Polonioi
668 1863 795 1926 tractus
809 1857 926 1924 fuerat

1 2039 2 2043 ,
154 1967 352 2034 Habuerunt
375 1967 432 2034 alii
448 1988 576 2052 quoque
592 1966 732 2036 Valaehi
757 1967 894 2052 sparsim
910 1965 995 2032 bona
1010 1963 1043 2030 in
1059 1961 1178 2029 Trans·

1 2079 2 2128 l
62 2075 190 2161 alianis,
206 2097 289 2162 quos
314 2075 376 2142 sibi
400 2073 545 2142 Michael
569 2075 682 2143 fideles
706 2074 855 2162 putabat,
880 2075 936 2160 qui
951 2079 1061 2140 tamen
1077 2071 1178 2155 Sigis-

1 2171 2 2194 ³
61 2183 167 2251 mundo
183 2185 293 2252 omnia
308 2185 377 2251 eius
392 2184 527 2250 consilia
542 2184 706 2252 interdum
721 2183 949 2270 suggerebant,
964 2179 1129 2248 beneficiis
1145 2183 1179 2246 et

1 2327 2 2383 3
61 2291 244 2360 liberalitate
260 2293 460 2378 Sigismundi
475 2295 586 2362 illecti.

1 2390 2 2398 ¹
154 2401 285 2484 Fugato
300 2406 416 2486 postea
431 2401 599 2486 cardinali,
624 2407 657 2469 et
679 2401 846 2488 provincia
861 2399 998 2468 subacta
1013 2399 1098 2466 idem
1113 2395 1177 2464 Mi·

1 2557 2 2584 ,
61 2507 152 2590 chael,
173 2513 332 2593 usurpata
358 2507 419 2574 sibi
443 2509 628 2576 huiusmodi
653 2509 864 2576 authoritatis
889 2509 1030 2592 licentia,
1046 2507 1177 2592 impune

62 2617 245 2700 amplissima
260 2615 355 2698 hona,
365 2637 465 2700 arces,
481 2618 742 2702 castellacurias
758 2618 825 2686 suis
834 2616 991 2686 Valaohis
1007 2616 1176 2682 distribue-

1 2803 3 2823 ἰ
62 2723 118 2807 but,
134 2746 269 2810 quorum
285 2745 326 2790 ex
341 2745 475 2792 numero
500 2727 601 2810 aliqui
620 2727 719 2793 etiam
735 2747 822 2793 nuuc
845 2727 879 2792 in
895 2725 972 2792 aula
987 2745 1064 2792 suae
1080 2724 1176 2790 maie·

1 2837 2 2884 l
63 2833 145 2899 sats
160 2853 270 2900 eorum
285 2833 445 2900 bonorum
455 2833 710 2902 iurisdictionem
726 2855 818 2902 suam
833 2839 961 2920 putant

1 2938 2 2995 ἶ
155 2937 250 3024 Quod
264 2943 378 3024 itaque
392 2942 498 3026 primo
513 2941 555 3008 ad
570 2943 803 3010 monasterium
827 2943 955 3026 attinet,
971 2941 1077 3008 sentio
1093 2939 1176 3006 illud

1 3099 2 3126 ,
62 3047 141 3114 nulla
154 3051 281 3116 ratione
296 3047 455 3116 Valachis
470 3051 722 3134 permittendum
739 3055 874 3136 propter
888 3051 949 3117 has
964 3051 1116 3116 rationes.

1 3139 3 3157 ’
153 3155 274 3224 Primo.
299 3155 374 3224 Sive
399 3159 558 3244 princeps,
589 3160 656 3224 sive
681 3158 890 3244 guberuator,
914 3159 981 3224 sive
1006 3157 1175 3242 episcopus

62 3261 163 3346 aliquis
179 3263 289 3331 Albae
304 3263 330 3331 J
330 3265 416 3331 uliae
432 3265 581 3349 resideat,
606 3285 670 3332 non
686 3264 782 3332 decet
797 3286 896 3351 penes
911 3263 1088 3332 fenestram
1104 3265 1174 3349 pal·

1 3393 2 3446 l
62 3367 124 3435 lacti
137 3371 376 3439 schismaticum
391 3373 548 3459 templum
572 3371 652 3458 lieri,
669 3379 702 3440 st
717 3373 870 3442 eeclesiae
886 3373 1056 3442 Romanae
1071 3372 1175 3439 rebel·

41 3523 42 3526 ,
62 3475 101 3541 les
113 3487 222 3546 eontra
237 3479 408 3547 ecclesiam
435 3479 664 3566 cathedralem,
684 3483 735 3548 cui
750 3503 852 3568 prope
868 3487 919 3550 est
934 3481 1175 3564 monasterium,

63 3585 245 3674 triumphum
261 3589 417 3656 occinere.

150 3695 309 3763 Secundo.
326 3693 412 3781 Quia
426 3695 487 3764 suh
502 3703 676 3782 praetextu
692 3697 859 3782 religionis
885 3719 924 3763 ex
940 3697 998 3764 illo
1013 3703 1176 3764 monaste-

1 3804 2 3879 ,
61 3799 100 3865 rio
113 3807 173 3870 tam
189 3825 210 3870 a
226 3802 342 3871 Turcis
358 3825 456 3889 qnam
481 3803 675 3872 aValachis
694 3803 777 3872 liunt
793 3807 1001 3873 consiliorum
1017 3805 1173 3891 principis

63 3908 294 3991 explorationes.
318 3908 453 3978 Accidit
478 3911 563 3977 enim
588 3911 770 3996 aliquoties,
795 3919 832 3980 ut
852 3913 996 3997 ealugeri
1013 3909 1075 3998 (ite
1091 3915 1175 3980 enim

62 4018 212 4104 vomatur)
229 4041 269 4085 ex
285 4017 461 4102 Molderia,
477 4017 648 4104 Valaohia,
674 4020 893 4107 Transalpina
908 4023 1016 4089 colore
1032 4022 1175 4090 devotio·

1 4151 2 4216 1
63 4121 110 4205 uls,
123 4125 285 4192 subornati
310 4127 343 4192 in
368 4125 451 4192 illud
476 4128 654 4194 claustrum
680 4125 810 4214 luerint,
834 4129 890 4214 qui
916 4130 1074 4215 omnihus,
1091 4151 1175 4215 quae

64 4222 154 4298 Albae
162 4232 271 4300 Juliae
281 4235 315 4300 in
325 4235 402 4300 aula
410 4235 567 4320 principis
577 4236 783 4320 gerebantur,
794 4237 973 4322 exploratis
984 4243 1017 4304 et
1027 4238 1174 4324 apprime

66 4339 192 4424 cognitis,
206 4342 295 4427 pleni
312 4341 456 4408 consiliis
471 4343 734 4430 novitatibusque
750 4345 793 4412 ad
809 4365 884 4410 suos
901 4351 976 4410 snut
992 4345 1120 4410 reversi.

153 4447 224 4516 Hac
240 4449 355 4516 dolosa
380 4451 578 4534 cogitatione
602 4451 748 4518 Michael
774 4473 902 4537 quoque
927 4451 1063 4518 vaivode
1077 4451 1174 4517 homo

1 4639 2 4642 Ἴ
66 4556 179 4637 nutus,
195 4557 248 4640 qui
265 4559 299 4622 in
326 4557 558 4642 extorquendis
582 4559 764 4644 principum
789 4561 922 4625 secretis
939 4581 1065 4624 omnem
1081 4557 1173 4623 adhi-

65 4651 145 4725 bebat
168 4663 377 4751 diligentiam,
411 4664 473 4731 suh
497 4665 600 4754 pallio
626 4665 805 4734 devotionis
828 4666 910 4734 illud
942 4667 1172 4735 uronasterium
