3042 5404
308 495 372 560 164
679 507 800 556 nantum
816 505 1069 556 omiseramus.

305 679 414 739 castra
438 677 576 756 tautum,
595 672 652 737 sed
672 673 770 738 etiam
787 671 829 738 ad
845 673 1010 756 praesidia
1026 675 1156 740 mittere
1172 681 1206 740 et
1222 671 1416 739 communiter

305 803 416 848 omnes
434 803 533 866 penes
549 782 728 866 principem
745 782 923 865 insurgere.

291 921 293 928 ·
412 889 475 954 Est
499 897 588 956 certe
613 911 692 974 gens
717 891 817 972 utilis,
841 889 901 956 flos
927 889 1192 958 Transsilvaniae
1217 897 1252 956 et
1275 889 1417 956 aerarium

304 999 469 1084 principis.
494 999 608 1064 Facile
632 1000 717 1064 enim
743 1021 816 1064 cum
842 1000 927 1064 taxis
953 999 1151 1066 decimarum
1176 998 1377 1066 arendatione
1391 1003 1416 1061 el

304 1108 378 1172 aliis
409 1107 597 1174 accidentiis
621 1113 751 1172 centum
775 1107 879 1172 millia
904 1109 1094 1174 tallerorum
1119 1108 1282 1192 principes
1305 1106 1372 1171 hinc
1392 1107 1418 1169 in

305 1213 418 1282 fiscum
433 1213 553 1280 inferre
568 1219 755 1300 potueruut.

413 1320 510 1407 Quod
535 1322 577 1388 ad
602 1323 790 1407 religionem
807 1324 934 1388 attinet.
950 1323 1013 1389 Isti
1037 1345 1148 1390 omnes
1173 1320 1335 1388 lutherani
1349 1327 1419 1388 sunt.

305 1431 396 1497 cuius
421 1438 543 1497 sectam
567 1433 723 1498 acerrime
748 1435 890 1498 tuentur.
915 1431 993 1498 Meo
1009 1431 1128 1498 iudicio
1152 1433 1207 1498 isti
1232 1452 1296 1498 uon
1311 1431 1418 1495 suntin

304 1539 461 1623 religione
491 1538 552 1606 hoc
583 1541 775 1606 tumultioso
815 1547 962 1624 tempore
996 1539 1160 1624 turbandi,
1186 1539 1242 1605 sed
1266 1541 1370 1625 potius
1390 1539 1417 1603 in

304 1645 450 1712 ordinem
465 1647 642 1732 redigendi,
659 1648 851 1732 praesertim
867 1649 923 1732 qui
939 1649 973 1712 in
998 1647 1062 1714 fide
1077 1650 1259 1714 maiestatis
1274 1669 1347 1714 suae
1361 1669 1419 1712 cae·

304 1775 416 1822 saraae
432 1761 621 1823 constanter
635 1757 857 1840 perstiterunt.
889 1755 994 1822 Dabit
1013 1755 1092 1821 deus
1109 1757 1209 1822 aliam
1225 1757 1419 1836 occasionem,

304 1869 427 1946 quanto
457 1863 636 1948 potentiori
664 1862 759 1929 hoste
776 1861 885 1928 Turca
916 1862 1051 1947 devicto,
1083 1871 1116 1929 et
1132 1865 1245 1929 ricinis
1261 1863 1420 1948 provinciis

303 1993 384 2058 pace
409 1978 442 2036 et
467 1971 613 2038 amicitia
637 1971 827 2054 conciliatis
845 1969 1015 2038 loelioibus
1040 1993 1117 2038 suae
1133 1971 1313 2037 maiestatis
1328 1971 1420 2054 auspi·

303 2081 362 2146 ciis
378 2080 467 2145 avita
482 2100 610 2163 quoque
626 2079 741 2164 religio
758 2078 983 2163 triumphabit

411 2185 557 2254 Siculi
583 2193 772 2270 sequuntur.
788 2185 984 2273 Scytharum
999 2187 1062 2254 hoc
1077 2187 1243 2254 hominum
1268 2209 1365 2272 genus
1379 2191 1418 2251 est

304 2293 421 2360 dmum
446 2299 479 2360 et
504 2317 663 2380 asperum,
689 2295 766 2360 olim
792 2316 903 2362 omues
918 2295 1044 2362 nobiles
1061 2301 1093 2360 et
1109 2296 1213 2378 liberi,
1230 2298 1326 2362 etiam
1341 2315 1422 2380 peco-

211 2430 215 2439 ·
303 2424 376 2468 rum
400 2408 559 2487 pastores.
585 2402 651 2470 Sed
677 2403 719 2470 ob
743 2402 930 2488 frequentes
947 2404 1130 2487 seditiones,
1146 2405 1189 2470 ad
1205 2427 1286 2488 quas
1301 2405 1420 2470 nimium

303 2516 379 2576 sunt
404 2511 572 2596 proclives,
597 2511 746 2578 omnibus
770 2512 978 2578 libertatibus
995 2520 1027 2578 et
1043 2513 1302 2578 immunitatibus
1317 2511 1422 2597 privati

303 2621 339 2684 in
355 2619 502 2684 ordinem
518 2619 652 2702 redacti,
662 2620 696 2685 iu
706 2626 961 2705 perpetuamque
977 2622 1194 2688 rusticitatem
1210 2622 1328 2686 deiecti
1343 2619 1422 2686 nobi-

305 2727 391 2793 libus
407 2725 673 2794 rl.'raussilvaniae
689 2734 722 2794 et
737 2729 878 2813 principi
894 2735 972 2794 sunt
988 2729 1132 2794 subiecti.

412 2832 497 2902 Sunt
516 2835 615 2901 etiam
630 2836 686 2901 isti
700 2837 736 2901 in
752 2842 876 2920 septem
891 2836 1042 2919 regiones
1058 2857 1115 2900 seu
1130 2835 1223 2902 sedes
1239 2837 1339 2920 divisi,
1355 2858 1423 2920 qua·
1514 2900 1515 2903 ,

302 2943 517 3010 rumnomina
527 2950 621 3010 sunt:
638 2943 758 3029 Schsi,
774 2940 887 3028 Orbai,
902 2943 1010 3026 Kisdi‚
1027 2942 1120 3026 Ohik,
1137 2941 1291 3028 Georgio,
1307 2945 1423 3010 Meros-

302 3051 376 3118 suek
407 3057 441 3117 et
464 3049 694 3118 Ananiasszeh.
719 3051 919 3119 Numerosos
943 3053 998 3118 isti
1023 3052 1147 3117 habent
1171 3075 1300 3136 quoque
1325 3073 1423 3137 pagos

303 3157 391 3224 Olim
416 3158 493 3224 dum
518 3165 627 3225 essent
651 3160 755 3244 liberi,
780 3159 909 3226 nullum
932 3161 1071 3245 principi
1097 3182 1227 3226 censum
1252 3161 1424 3239 soluebant,
1515 3151 1516 3208 ἶ

302 3266 411 3331 nullos
429 3265 559 3332 labores
578 3273 612 3332 et
628 3267 761 3332 servitia
776 3269 900 3333 rustica
915 3267 1137 3351 praestabant.
1514 3237 1516 3266 ⁴

411 3371 573 3458 Tempore
598 3374 676 3441 belli
701 3375 824 3440 viritim
851 3395 960 3441 omnes
976 3397 1074 3459 penes
1090 3376 1270 3460 principem
1286 3377 1367 3442 benc
1381 3395 1426 3441 ar

301 3481 382 3547 mati
407 3486 441 3547 et
459 3480 583 3548 hastati
598 3481 820 3566 insurgebant,
835 3485 870 3548 in
895 3489 1004 3550 castra
1030 3506 1102 3549 cum
1117 3485 1176 3550 illc
1194 3483 1426 3550 descendebant

301 3591 405 3672 gratis
415 3591 485 3656 sine
501 3589 670 3676 stipendio.
681 3590 756 3657 Hac
772 3597 882 3656 tamen
892 3592 982 3676 lege:
999 3591 1183 3674 quindecim
1200 3590 1315 3658 diebus
1330 3593 1426 3676 gratis

301 3697 496 3783 militabant,
507 3698 625 3782 quibus
644 3699 764 3784 elapsis
781 3720 838 3764 rex
854 3705 912 3766 aut
927 3701 1079 3784 princeps
1094 3699 1269 3765 tenebatur
1284 3701 1357 3766 illos
1373 3705 1425 3765 aut
1514 3731 1516 3738 1

301 3806 334 3869 in
358 3827 501 3892 pugnam
526 3828 599 3873 cum
613 3806 709 3874 hoste
728 3807 863 3874 educere
879 3813 938 3874 aut
954 3807 1084 3873 domum
1100 3809 1275 3892 remittere,
1292 3810 1341 3874 sel
1357 3828 1428 3872 vero

302 3933 471 3980 commuue
488 3914 685 3998 stipendium
702 3939 774 3984 cum
791 3917 865 3983 aliis
881 3916 1039 3982 militibus
1056 3917 1188 3982 solvere.

409 4017 492 4086 Oum
516 4043 593 4088 vero
618 4026 797 4110 principem
817 4027 1008 4110 contigisset
1024 4033 1082 4090 aut
1097 4025 1220 4090 nubere
1236 4031 1293 4090 aut
1308 4025 1428 4108 prolem

302 4125 431 4214 habere,
455 4128 498 4195 ad
523 4131 710 4214 nuptiarum
730 4141 764 4199 et
782 4133 936 4218 baptismi
952 4134 1181 4199 solennitatem
1197 4133 1317 4216 singuli
1331 4152 1427 4197 unum

300 4236 454 4302 tallerum
470 4241 504 4302 et
519 4259 619 4304 unum
644 4239 758 4306 bovem
777 4241 963 4308 solvebant:
980 4240 1237 4306 numerabantur
1252 4242 1329 4307 olim
1346 4240 1430 4304 circa

300 4343 437 4428 triginta
461 4344 565 4411 millia
589 4367 808 4433 personarum,
849 4348 911 4415 hac
944 4353 1139 4434 tempestate
1165 4349 1217 4414 vix
1249 4348 1429 4433 quindecim

300 4451 412 4516 millia

406 4558 460 4624 De
484 4557 600 4626 horum
625 4567 715 4630 statu
739 4585 812 4630 mea
837 4565 945 4649 opinio
971 4564 1051 4632 haec
1077 4571 1144 4631 est:
1165 4565 1242 4649 quia
1257 4562 1337 4630 haec
1353 4583 1429 4648 gens

299 4667 395 4732 nimis
405 4666 568 4752 seditiosa,
579 4668 659 4734 levis
675 4677 708 4735 et
723 4671 904 4755 impetuosa
920 4679 978 4756 est,
993 4695 1059 4738 non
1076 4677 1125 4738 est
1141 4673 1174 4737 in
1185 4674 1320 4756 antiqua
1335 4671 1431 4738 liber·
