3100 5420
339 551 404 614 514
706 565 824 614 santum
844 560 1095 617 onszlocriiastsus.

337 751 444 795 versos
461 737 493 795 et
509 731 654 814 singulos
670 731 825 797 articulos
851 730 944 798 nobis
965 733 1060 798 modo
1085 735 1263 818 praemisso
1278 739 1449 818 praesenta·

336 845 397 922 tos,
412 839 637 923 praesentibus
661 840 765 905 litoris
790 841 909 906 nostris
935 842 975 907 de
991 841 1088 908 verbo
1114 842 1157 907 ad
1173 841 1304 908 verbnm
1319 843 1412 908 inseri
1425 849 1453 905 et

336 947 471 1011 inscribi
486 946 630 1032 fecimus,
656 948 848 1034 eosdemque
880 971 919 1015 ac
949 952 1058 1016 omnia
1089 957 1122 1018 et
1146 952 1275 1036 singula
1290 952 1321 1016 in
1345 950 1453 1015 eisdem

337 1060 500 1140 contenta,
517 1063 616 1142 ratos,
642 1063 762 1141 gratos,
788 1063 821 1122 et
845 1064 980 1142 accepta
996 1057 1162 1142 habentes,
1188 1058 1307 1125 eisdem
1322 1067 1454 1124 nostum

337 1186 525 1232 consensum
552 1165 742 1232 benevolum
767 1167 891 1251 pariter
916 1174 948 1233 et
967 1189 1134 1234 assensum
1149 1168 1363 1252 praebuimus,
1378 1169 1454 1233 illos

336 1295 399 1358 que
425 1281 458 1340 et
483 1276 618 1360 quaeuis
644 1276 678 1340 in
703 1276 749 1340 eis
774 1281 927 1342 contenta
943 1275 1145 1343 authoritate
1165 1283 1280 1342 nostra
1295 1276 1454 1360 principali

336 1385 582 1468 acceptavimus,
594 1381 823 1449 ratificavimus
834 1391 867 1450 et
877 1383 1146 1450 oonfirmauimus.
1154 1380 1399 1450 Offerentesnos
1408 1383 1454 1446 be-

335 1493 440 1575 nigne,
457 1491 544 1575 quod
559 1492 753 1576 praemissos
779 1514 890 1558 omnes
906 1493 1070 1576 articulos,
1090 1493 1125 1557 in
1141 1491 1290 1558 omnibus
1306 1492 1370 1557 suis
1384 1512 1454 1575 pun·

335 1601 404 1682 ctis,
421 1599 574 1665 clausulis
599 1606 632 1665 et
657 1601 813 1684 articulis,
838 1607 906 1666 tam
932 1601 1069 1684 nosipsi
1094 1597 1343 1680 observabimus,
1368 1619 1454 1681 quam

334 1729 391 1791 per
408 1707 490 1774 alios
505 1727 615 1774 omnes
640 1707 750 1797 fideles
776 1715 914 1792 nostros,
939 1710 1158 1792 cuiuscunque
1184 1713 1290 1775 status
1310 1713 1342 1772 et
1358 1705 1454 1772 condi·

333 1815 432 1880 tionis
448 1816 597 1898 existant,
622 1813 788 1881 observari
804 1815 970 1898 faciemus,
987 1817 1051 1882 imo
1069 1823 1286 1900 acceptamus,
1305 1811 1454 1899 approba·
1533 1877 1535 1898 ,

333 1943 414 2005 mus,
429 1921 629 1988 ratificamus
655 1928 687 1987 et
713 1921 940 1988 confirmamus
965 1922 1080 1988 harum
1106 1931 1293 1988 nostrarum
1309 1923 1454 2005 vigores

334 2031 519 2096 testimonio
536 2031 704 2096 literarum
721 2029 895 2095 mediante.
927 2029 1052 2096 Datum
1078 2031 1111 2094 in
1128 2031 1260 2096 civitate
1276 2033 1388 2095 nostra
1403 2023 1456 2091 Co·
1533 2041 1535 2122 ξ

333 2137 458 2222 loswar,
473 2140 630 2222 vigesima
654 2144 774 2223 quarta
798 2140 917 2206 mensis
933 2138 1026 2224 Junij
1048 2159 1133 2206 anno
1159 2137 1281 2207 domini
1297 2137 1455 2204 millesimo
1533 2169 1535 2196 r

335 2248 567 2313 sexcentesimo
585 2247 732 2332 septimo.

547 2351 599 2440 (P.
616 2352 674 2440 H.)

1138 2462 1251 2529 Lecta.

331 2609 456 2684 (Ercdcti
472 2613 574 2672 hitelcs
591 2613 735 2688 pdlddnya
751 2637 783 2671 aa
799 2617 854 2672 elul.
881 2617 1057 2671 Maizeumbon
1073 2611 1144 2686 (Jcs.
1161 2637 1225 2670 com.
1243 2617 1360 2685 Kcrudrp
1376 2616 1456 2670 Codex

331 2708 444 2764 arrideat.
469 2710 546 2764 artie.
572 2708 651 2762 diuet.
682 2706 777 2762 Trans.
804 2707 844 2762 ΙΙ.
869 2705 936 2775 leot.)
956 2739 992 2749 —
1020 2707 1097 2761 Ezen
1123 2704 1309 2778 pdldsluybdl,
1334 2707 1454 2762 azoubau

331 2796 426 2851 cunek
444 2795 576 2868 lntnyait
591 2815 609 2852 a
625 2797 873 2852 bolos-monasteri
890 2801 1013 2854 convent
1032 2797 1173 2869 tcljesebb
1189 2815 1203 2852 s
1219 2797 1378 2852 basonldan
1393 2795 1455 2850 bite

330 2886 372 2940 les
388 2883 534 2959 pe'lddnya
550 2885 663 2942 sacrent
678 2887 835 2958 kipdtolva‚
851 2887 941 2944 adtdk
958 2889 987 2942 ki
1013 2905 1082 2942 enen
1099 2885 1316 2960 orszdggytildsi
1333 2883 1454 2959 vdgzc'se
1533 2901 1534 2938 r

331 2977 379 3031 kat
396 2995 439 3046 gr.
456 2975 587 3050 Kcmdny
611 2977 713 3033 szsef
734 2976 764 3034 ds
789 2977 904 3035 Kovdcs
921 2977 1031 3047 Istvdn,
1057 2976 1237 3050 Erde'lyorsz.
1263 2983 1328 3034 tort.
1346 2977 1407 3033 tara
1422 2975 1455 3029 Il.
1533 2983 1534 2990 ’

752 3069 810 3126 kat.
835 3069 998 3126 91-123.
1014 3065 1044 3138 1.)

879 3277 911 3363 c)
967 3289 971 3298 '

429 3417 752 3488 Contradictio
779 3419 1170 3487 statuscatholioi
1195 3427 1454 3506 contrapro·

329 3530 633 3613 scriptionem
657 3530 981 3613 religiosorum
1014 3529 1263 3594 societatis
1287 3529 1402 3595 Jesn.

436 3654 506 3721 Nos
524 3654 699 3740 subscripti
714 3657 748 3721 in
758 3657 885 3722 unitate
895 3654 970 3722 fidoi
986 3655 1168 3721 catholicae
1178 3654 1349 3722 Romanae
1364 3653 1454 3720 eccle
1530 3629 1531 3638 ἒ

328 3765 394 3830 siae
411 3764 623 3830 consistentes
644 3765 737 3847 regni
762 3763 1032 3850 Transsylvanias
1056 3763 1265 3848 partiumque
1286 3763 1389 3829 eidem
1403 3782 1453 3828 au·

328 3895 484 3938 nexarum
500 3879 570 3938 tum
585 3872 710 3938 incolae
722 3873 834 3938 tumin
844 3871 967 3956 eadem,
977 3871 1155 3956 iisdemque
1165 3873 1403 3956 possessionati,
1417 3867 1453 3934 ad

329 3983 552 4048 universorum
567 3987 635 4047 tam
644 3983 864 4065 praesentium
875 4003 973 4066 quam
984 3979 1168 4047 futurorum
1177 3981 1329 4047 notitiam
1346 3981 1453 4046 harum

327 4089 409 4153 serie
426 4089 572 4154 volumus
591 4089 769 4173 pervenire,
795 4088 882 4172 quod
898 4088 991 4154 nobis
1017 4109 1090 4154 cum
1116 4089 1189 4154 aliis
1215 4090 1361 4154 sectariis
1377 4089 1451 4172 puta

326 4194 534 4282 Lutheranis,
569 4194 765 4280 Calvinistis,
791 4193 926 4262 Arianis
962 4196 1100 4279 aliisque
1125 4198 1275 4281 privatae
1301 4195 1451 4282 opinionis

327 4302 544 4369 assertoribus
569 4325 634 4369 non
661 4301 861 4368 definiendae
887 4304 1052 4387 religionis
1078 4303 1128 4368 vel
1153 4303 1195 4368 ad
1220 4304 1452 4370 exterminatio·

326 4432 400 4475 nem
415 4411 582 4476 societatis
599 4409 624 4475 J
625 4432 690 4494 eso,
710 4431 821 4475 verum
845 4432 904 4495 pro
930 4410 1112 4477 tractandis
1137 4410 1210 4477 aliis
1235 4433 1309 4477 cum
1324 4410 1450 4496 privatis

326 4523 396 4580 tum
412 4517 551 4600 publicis
578 4520 670 4602 regni
692 4519 830 4602 negotiis
855 4519 918 4586 huc
947 4517 1187 4604 Claudiopolim
1214 4518 1256 4585 ad
1275 4519 1450 4602 generalem

326 4624 470 4688 (liaetam
486 4628 700 4709 congregatis,
718 4649 791 4692 curn
809 4627 1001 4693 reverendus
1017 4635 1112 4712 pater
1128 4628 1275 4694 Joannes
1292 4627 1450 4712 Argentus

324 4730 466 4796 eiusdem
478 4733 642 4798 societatis
653 4733 736 4800 Josu
748 4737 898 4802 sacerdos
908 4743 939 4801 et
953 4739 985 4801 in
997 4737 1059 4801 hac
1070 4735 1306 4821 Transylrauia
1316 4737 1447 4820 vicepra-
