3100 5420
505 525 597 580 ltiO'l.
614 532 673 579 iau.
694 525 742 581 18.
1123 523 1188 584 477

55 701 123 760 rato
139 693 319 763 Valentino
334 694 523 762 Homonnai
541 696 731 780 destinarat,
748 697 883 763 celerius
897 699 998 783 potiri
1013 720 1116 783 posse,
1126 721 1185 783 pro

54 806 119 869 eins
144 805 334 888 insignibus,
359 811 474 889 utpote
498 805 616 870 vexillo
642 811 676 871 et
695 807 795 889 clava,
811 807 1017 890 impetrando
1034 815 1066 873 et
1082 809 1184 874 addu-

5 924 7 927 ’
54 913 161 990 cendo,
192 913 234 978 ad
259 911 396 978 Portam
427 911 608 979 Turcarum
644 914 850 998 imperatoris
875 936 950 1004 suos
975 915 1184 999 expediverat

53 1022 287 1086 internuncios:
311 1020 510 1090 Valentinus
537 1043 667 1106 quoque
692 1020 880 1088 Homonnai
905 1021 1011 1088 Paulo
1028 1022 1132 1108 Nyari
1148 1027 1183 1089 et

53 1132 316 1196 testamentariae
333 1130 538 1216 dispositioni
554 1133 698 1217 proxime
715 1130 859 1198 defuncti
875 1133 1031 1217 principis
1047 1134 1184 1215 innixus,

1 1240 2 1250 ’
55 1239 110 1303 snb
135 1245 310 1323 praetextu
330 1242 540 1324 exequiarum
559 1241 645 1305 iusto
662 1240 801 1306 conflato
818 1242 970 1325 exercitu,
987 1264 1120 1326 regnum
1136 1244 1184 1307 in·

54 1347 177 1431 vadere,
203 1347 338 1432 sibique,
363 1349 462 1413 etiam
478 1348 573 1413 nobis
588 1348 837 1432 reluctantibus,
853 1354 967 1434 aperta
980 1351 1011 1414 vi
1028 1372 1184 1435 usurpare

55 1456 247 1522 nitebantur.
272 1454 462 1525 Accedebat
487 1462 521 1521 et
546 1454 684 1523 Gabriel
710 1455 859 1542 Bathori,
885 1459 1015 1542 quispe
1041 1459 1182 1542 praedae

55 1565 170 1630 iniecta
184 1565 341 1630 haidones
360 1564 553 1647 concitabat,
572 1565 745 1631 nonnullos
762 1567 859 1631 etiam
875 1587 893 1630 e
909 1568 1083 1651 regnicolis
1100 1569 1183 1632 clam

54 1673 242 1738 sollicitatos
267 1673 411 1740 habebat
435 1674 617 1757 complices,
642 1674 698 1757 qui
724 1675 786 1739 nisi
801 1676 951 1759 pervigili
969 1698 1047 1741 cura
1063 1683 1097 1741 et
1113 1677 1185 1741 dili·

54 1783 160 1863 gentia
183 1781 331 1847 moderni
356 1782 579 1865 gratiosissimi
604 1782 761 1865 principis
787 1784 888 1848 nostri
905 1785 1022 1848 tamin
1039 1789 1183 1868 tempore

55 1888 157 1954 forent
182 1891 331 1975 repressi,
355 1891 445 1956 novis
470 1912 556 1956 nunc
571 1891 697 1956 misella
715 1891 881 1975 provincia
896 1890 1072 1958 fluctuaret
1087 1893 1181 1958 moti·

56 1998 110 2063 bus
125 2000 289 2082 variisque
305 1998 435 2064 arderet
446 1997 647 2064 tumultibus.

157 2107 222 2172 His
247 2109 369 2191 itaque,
394 2108 595 2172 serenissime
621 2108 781 2192 princeps,
797 2107 940 2193 undique
955 2110 1107 2194 periculis
1124 2109 1184 2174 cir·

1 2247 3 2252 v
56 2217 219 2297 cnmventi,
235 2236 275 2279 ne
291 2221 342 2282 tot
357 2215 590 2298 intempestivis
606 2214 741 2280 subinde
766 2265 897 2281 .....
921 2217 1081 2283 rientibus
1097 2239 1184 2283 coma

56 2324 253 2406 petitoribus,
279 2324 386 2407 patria
411 2328 523 2388 nostra
538 2321 758 2388 infelicissima
774 2324 863 2390 velut
878 2324 1000 2408 praeda
1015 2327 1134 2390 iterum
1151 2326 1184 2389 in

1 2456 2 2462 ¹
58 2427 318 2519 [corruptionem]
329 2432 502 2515 deveniret,
512 2433 675 2516 variisque
692 2434 939 2517 competitorum
951 2435 1183 2499 certaminibus

1 2527 3 2532 ’
57 2539 87 2604 in
110 2542 234 2624 priores
259 2541 406 2606 relabere
430 2590 625 2607 .......
650 2541 692 2606 ad
716 2541 838 2606 liberae
866 2548 997 2607 nostrae
1017 2542 1182 2607 electionis

1 2673 3 2714 ῑ
57 2647 236 2731 remedium,
262 2649 351 2714 velut
377 2648 541 2732 quoddam
567 2649 691 2733 asylum
717 2645 948 2736 recur[rentes]
974 2698 1107 2714 .....
1130 2672 1184 2714 ne·

1 2772 2 2813 ῒ
58 2759 256 2840 cessarioque
282 2756 322 2821 de
347 2779 429 2822 novo
448 2757 594 2841 principe
611 2757 704 2821 nobis
720 2756 870 2839 eligendo
887 2756 1096 2838 cogitandum
1113 2757 1184 2823 suit.

60 2858 270 2949 [Dire]ximus
295 2864 407 2947 itaque
432 2870 544 2928 nostra
563 2863 738 2929 concordia
755 2861 910 2946 suffragia
934 2864 968 2927 in
993 2865 1184 2930 modernum

58 2969 214 3036 dominum
230 2972 408 3056 principem
424 2978 579 3056 nostrum,
595 2979 727 3056 praeter
743 2994 857 3037 causas
873 2971 1037 3055 plurimas,
1054 2975 1181 3056 patriae

59 3085 181 3144 nostrae
206 3081 345 3145 salutem
370 3087 404 3146 et
428 3081 686 3165 permansionem
712 3084 949 3160 concernentes,
966 3101 1003 3143 eo
1020 3081 1117 3145 etiarn
1134 3104 1181 3146 re·

1 3203 3 3241 ὲ
60 3195 173 3272 spectu,
199 3189 278 3272 quia
293 3189 393 3273 probe
410 3189 588 3255 sciebamus
604 3189 726 3255 dictum
743 3187 908 3253 dominum
923 3188 1102 3273 principem
1128 3211 1182 3254 no-

1 3287 3 3370 }
60 3300 153 3361 strum
178 3297 220 3362 ab
237 3319 297 3363 sua
315 3299 483 3363 iuventute
507 3297 580 3364 Vris
607 3297 722 3364 Mutus
745 3297 1057 3381 augustissimaeque
1074 3297 1184 3363 domni

0 3414 1 3419 ’
59 3400 247 3471 Austriacae
265 3405 420 3471 continua
444 3403 601 3471 fidelitate
621 3405 875 3471 addictissimum
895 3426 933 3469 ac
949 3411 1123 3489 propterea
1142 3406 1183 3471 ob

1 3495 3 3550 ἶ
59 3519 200 3578 navatam
216 3534 308 3578 suam
323 3515 527 3598 praeclaram
544 3535 676 3599 operam
693 3520 822 3598 gratum
838 3513 945 3579 fuisse.

1 3693 3 3704 ,
156 3620 311 3687 Ceterum
336 3621 378 3687 ad
404 3643 516 3705 pacem
533 3623 631 3687 etiam
648 3628 680 3687 et
696 3623 957 3707 tranquilitatem
974 3622 1100 3707 patriae
1117 3642 1183 3686 sar·

1 3709 3 3783 l
59 3731 118 3794 lam
141 3736 328 3813 tectamque
354 3728 620 3811 conseruandam,
640 3730 869 3813 universosque
885 3737 992 3796 motus
1008 3730 1181 3795 intestinos

1 3842 3 3900 ἑ
60 3843 88 3901 et
109 3847 259 3906 externos
286 3838 462 3922 evitandos,
487 3861 546 3905 nos
570 3845 706 3923 paterne
731 3839 799 3907 Slffl
815 3839 880 3907 Vra
907 3840 1065 3906 hortatur.
1081 3839 1183 3924 Equi·

0 4025 1 4028 Ἴ
60 3943 130 4031 dem,
154 3948 402 4014 clementissime
427 3948 586 4032 princeps,
611 3948 652 4014 ad
678 3949 892 4033 reparandam
909 3949 1034 4031 patriae
1051 3956 1183 4014 nostrae

1 4107 3 4137 ,
60 4048 304 4139 [dilelctissimas
329 4055 498 4139 relliquias
514 4057 560 4121 nil
580 4057 670 4141 prius
686 4078 792 4142 neque
809 4056 984 4121 salutarius
1001 4057 1087 4122 alma
1102 4079 1183 4141 pace

1 4238 2 4241 Ἴ
59 4162 140 4229 nobis
170 4165 340 4249 obtingere
369 4169 488 4249 posset.
513 4162 741 4248 Supplicamus
767 4165 864 4230 etiam
890 4163 953 4229 hoc
985 4165 1113 4229 nomine
1134 4164 1184 4231 sti

1 4255 3 4371 Ξ
58 4265 128 4334 Viae
145 4296 243 4358 quam
254 4294 424 4357 possumus
435 4272 692 4358 submississime,
710 4278 748 4338 ut
763 4273 806 4338 ad
821 4294 892 4338 eam
908 4294 1020 4356 pacem
1046 4278 1080 4336 et
1096 4277 1184 4338 tran-

1 4431 2 4443 ,
60 4381 233 4460 quilitatem
258 4382 519 4466 conservandam,
545 4381 588 4447 ad
613 4403 711 4465 quam
737 4386 771 4446 et
787 4379 856 4445 stas
881 4381 946 4449 Vra
970 4403 1030 4446 nos
1046 4385 1181 4465 paterne

1 4515 3 4576 f
61 4487 224 4557 admodum
248 4491 409 4575 hortatur,
426 4494 459 4556 et
474 4512 533 4557 nos
548 4497 661 4557 nostra
676 4496 792 4574 sponte
808 4490 1048 4554 inclinatissimi
1065 4511 1183 4574 sumus,

1 4645 3 4675 ζ
61 4592 129 4660 vas
153 4599 214 4667 Sti⁸
238 4597 381 4685 benigna
407 4599 542 4666 accedat
566 4599 779 4685 providentia,
796 4597 1011 4682 digneturque
1027 4598 1183 4664 moderno

63 4702 179 4774 domino
203 4709 343 4793 principi
368 4714 480 4773 nostro
515 4706 738 4775 communibus
763 4708 906 4773 omnium
923 4709 1006 4772 votis
1022 4714 1056 4772 et
1071 4704 1184 4773 suffra·
