3030 5416
477 507 559 564 1604
580 527 643 566 suo.
662 510 691 564 6.
1087 507 1152 568 283

125 676 296 763 Quantum
319 681 478 748 conducat
502 681 693 766 tempestivo
718 686 751 747 et
770 687 898 748 maturo
930 683 969 748 iis
994 705 1078 766 quae
1094 683 1151 750 ad-

29 809 108 851 seres
131 793 322 873 contingere
339 796 475 874 possunt
505 789 635 856 obviare
652 789 796 872 consilio,
822 812 916 856 nemo
941 799 989 856 est
1016 793 1152 875 quinon

31 897 216 980 experiatur.
242 895 391 981 Cumque
406 896 547 962 Turcam
564 897 665 962 totius
681 895 931 962 christianitatis
947 897 1071 963 hostem
1088 920 1152 962 non

4 1009 5 1012 ’
32 1005 195 1088 semcljam
211 1007 311 1072 armis
327 1011 360 1071 et
376 1005 506 1090 qundem
522 1027 587 1071 non
603 1005 720 1088 exigua
735 1027 803 1071 esse
820 1027 919 1072 manu
934 1007 1153 1090 acceperimus

4 1153 9 1160 -
33 1113 181 1198 rarisque
197 1116 233 1180 in
250 1114 319 1180 dies
333 1113 534 1199 Hajdonum,
554 1113 610 1197 qui
627 1135 660 1179 se
676 1112 785 1179 hostes
801 1115 911 1198 potius
926 1123 1057 1199 apertos
1067 1113 1151 1179 inso-

33 1221 136 1304 lentiis,
153 1221 339 1288 excessibus
349 1229 382 1286 et
391 1223 575 1306 provinciae
585 1221 807 1287 devastatione
818 1220 987 1288 declarant
1003 1229 1036 1287 et
1047 1229 1153 1286 osten·

4 1371 5 1398 ;
35 1329 223 1414 dmtqnam
234 1352 312 1396 snae
322 1329 422 1396 Matti
433 1329 652 1396 obedientiam
662 1335 829 1414 praestare
846 1331 956 1416 velint,
972 1329 1154 1396 consultum

36 1445 126 1502 etere
136 1437 208 1503 lore
224 1438 410 1522 putavimus
418 1443 545 1503 mature
555 1437 633 1503 huic
643 1438 829 1522 provinciae
845 1439 1044 1504 miserrimae
1055 1444 1151 1522 prout

36 1546 94 1611 lieri
108 1548 254 1632 potuerit
269 1547 463 1632 prospicere,
479 1551 512 1610 et
528 1546 670 1612 hostium
686 1547 713 1611 si
731 1547 974 1631 quoquomodo
990 1547 1154 1613 accideret

37 1657 237 1740 irruptionem
262 1656 451 1740 anticipare,
469 1653 724 1740 Hajdonumque
750 1656 958 1722 insolentiam
976 1655 1151 1722 refrenare.

4 1783 6 1852 ζ
39 1761 85 1828 Ad
112 1785 194 1847 quae
226 1762 416 1848 exequenda
447 1763 586 1828 maxime
610 1763 794 1829 necessaria
819 1763 947 1829 videtur
971 1761 1155 1830 Siculorum

39 1873 225 1956 insurrectio,
244 1873 299 1958 qui
316 1873 402 1937 inter
418 1877 564 1938 caeteros
580 1869 770 1938 suaeMatti
786 1870 828 1936 sd
844 1871 1048 1938 serviendum
1065 1872 1153 1938 omni

4 2047 6 2064 ,
39 1985 167 2063 tempore
177 1987 256 2046 sunt
265 1979 413 2046 adstricti
423 1985 456 2045 et
466 1978 612 2062 obligati.
622 1976 776 2047 Vestram
786 1977 887 2062 igitur
897 1977 1151 2046 dominationem

4 2105 6 2162 3
42 2089 153 2153 nomine
163 2111 245 2154 sacr.
256 2110 338 2155 caes
348 2089 521 2172 regiaeque
531 2087 649 2154 Mattis
665 2088 860 2171 requirimus
876 2094 909 2152 et
924 2087 1104 2171 hortamur,
1120 2093 1158 2154 ut

4 2237 5 2278 ,
43 2195 178 2281 adjuncto
195 2195 258 2262 sibi
274 2197 350 2262 Dno
366 2195 481 2261 Marco
498 2194 644 2279 rajroda,
660 2195 694 2260 in
710 2193 841 2280 publico
857 2195 919 2262 hoc
934 2195 1066 2280 negotio
1083 2193 1157 2260 sulr

4 2297 5 2368 ss
45 2306 158 2372 trahere
174 2329 209 2372 se
226 2329 248 2372 a
262 2306 394 2371 servitio
410 2305 502 2388 nolit,
521 2304 578 2370 sed
594 2303 658 2370 duo
673 2305 779 2370 millia
794 2303 939 2389 peditum
955 2303 1037 2369 bene
1053 2325 1157 2370 arma·

45 2419 134 2479 torum
149 2435 220 2480 cum
237 2415 401 2499 equitibus
411 2413 598 2498 quingentis
609 2433 648 2478 ex
664 2412 814 2480 omnibus
830 2412 961 2478 sedibus
976 2409 1157 2478 Siculicali·

4 2571 6 2612 Ξ
45 2521 93 2587 bus
107 2525 264 2609 colligere,
280 2543 400 2608 eosque
416 2521 458 2588 ad
474 2521 634 2588 decimum
651 2521 799 2606 quintum
823 2520 908 2587 diem
926 2519 1022 2586 huius
1038 2521 1158 2586 mensis

4 2629 202 2738 Augusti,
193 2657 228 2699 111
244 2655 394 2718 campum
410 2631 649 2716 Morgr'rmezeje
666 2635 760 2696 vocat
761 2651 823 2713 um,
840 2630 882 2696 ad
894 2627 1030 2696 Albam·
1030 2629 1056 2696 J
1058 2629 1157 2694 uliam

4 2755 6 2804 ξ
48 2739 221 2806 educereet
207 2748 354 2808 tcastra
377 2741 495 2806 metari
520 2739 608 2805 velit.
633 2737 685 2804 Ne
711 2737 855 2805 defectus
871 2739 982 2804 ullus'
973 2759 1007 2804 m
1024 2759 1158 2803 numero

4 2875 6 2942 3
49 2852 122 2912 ant
114 2873 143 2915 m
158 2857 329 2936 apparatu,
345 2871 372 2914 s1
364 2847 545 2914 utendum
562 2868 661 2932 opera
678 2867 788 2912 eorum
804 2845 914 2930 luerit,
931 2845 1158 2930 comperiatur.

4 2963 6 3034 ξ
49 2951 131 3022 Secus
147 2979 209 3024 non
225 2958 379 3025 facturus.
398 2955 523 3022 Datum
543 2951 750 3038 Claudiopoli
770 2953 821 3019 die
847 2957 876 3018 6.
892 2951 1046 3038 Augusti,
1072 2973 1157 3018 anno

4 3039 7 3156 ξ
52 3069 127 3131 reos

562 3188 687 3256 Paulus
706 3209 727 3256 a
744 3187 963 3272 Khrauscneg
978 3208 1059 3272 mpr.

563 3295 727 3381 Georgius
742 3293 922 3363 Hoffmann
939 3317 1021 3380 mpr.

568 3403 707 3472 Carolus
723 3401 873 3470 Im·Hoff
885 3403 998 3488 mpria

565 3511 761 3578 Pancratins
781 3509 929 3598 Sennyey
948 3532 1029 3594 mpr.

565 3619 707 3688 Thomas
734 3641 841 3687 comes
860 3642 880 3686 a
899 3616 1061 3704 Capreolo
1077 3639 1159 3702 mpr.

563 3727 763 3797 Benedictio
778 3727 986 3814 Mindsaenty
1002 3747 1083 3812 mpr.

4 3663 6 3706 ι

4 3755 6 3788 l

4 3803 6 3900 l
563 3837 644 3906 me.
660 3835 776 3904 nuos
792 3835 827 3904 J.
843 3835 884 3904 s.

4 3901 6 3992 l
727 3945 887 4013 Erasmus
903 3964 982 4012 secr.

144 4155 263 4212 Kuloetm.
289 4153 443 4226 Magnifice
458 4153 571 4210 domino
586 4153 749 4210 Balthasari
771 4151 878 4208 Komiis
895 4153 930 4208 de
945 4150 1071 4219 Ruszlss,
1088 4168 1160 4206 saer.

4 4223 6 4326 ξ
59 4253 143 4296 asser.
158 4245 304 4318 regiaeque
328 4245 428 4301 Mettis
454 4244 603 4302 consiliaro
619 4251 648 4302 et
663 4244 813 4316 capitaneo
830 4243 905 4298 sedis
921 4241 1079 4299 Siculicalis
1100 4241 1159 4299 Ud-

4 4331 6 4462 μ
60 4329 156 4406 rarhely
171 4342 220 4394 etc.
235 4336 324 4394 amico
339 4335 422 4392 nobis
438 4335 611 4392 honorando.
