3030 5416
486 523 749 580 reomaense.
845 549 850 558 ·
1120 525 1183 587 257

1 757 2 760 ,
56 693 137 776 cipio
162 715 223 778 per
248 693 441 760 directorem
461 700 495 759 et
510 695 711 762 consiliarios
736 701 865 764 nostros
881 698 1040 766 subscribi
1056 723 1095 766 ac
1111 723 1183 768 oum

1 833 2 864 1
57 803 167 884 sigillis
185 803 339 886 ipsorum,
354 801 457 868 donec
473 803 564 869 aliud
580 809 768 890 statuemus,
785 807 970 891 consignari
987 807 1115 874 debent.

156 929 294 994 Literae
318 950 393 994 vero
418 951 516 1014 super
539 933 671 997 maioris
695 935 849 998 momenti
865 933 1011 1018 negotiis,
1029 935 1185 1002 eiusmodi

1 1093 2 1112 2
54 1045 125 1104 sunt
150 1037 354 1120 donationes,
379 1039 505 1122 gratiam
531 1040 761 1124 eoncessiones,
777 1041 1020 1126 assignationes,
1036 1041 1186 1128 obligati·

1 1141 2 1152 ’
55 1167 134 1229 ones,
164 1147 455 1230 impignorationes
486 1152 520 1212 et
550 1147 677 1232 similia,
709 1149 775 1214 sire
803 1150 837 1216 in
860 1171 1055 1234 pergameno
1072 1151 1186 1218 sivein

54 1276 171 1339 papyro
204 1253 438 1340 expedinndae,
469 1255 503 1320 in
532 1255 683 1340 praefata
713 1257 909 1324 cancellaria
932 1259 1011 1342 ipsis
1040 1257 1187 1326 subiecta

1 1432 2 1440 ,
57 1363 179 1448 concipi
204 1362 345 1446 quidem,
370 1362 428 1428 sed
453 1362 571 1429 deiude
594 1365 767 1430 incuriam
791 1369 936 1432 nostram
952 1367 1040 1432 mitti
1056 1365 1185 1454 debent,

56 1478 88 1537 ut
99 1469 188 1556 apud
198 1491 360 1537 cameram
371 1469 481 1536 cumae
497 1477 651 1556 nostram,
667 1478 766 1557 prout
781 1475 889 1556 moris,
905 1495 944 1539 ac
959 1495 1057 1540 manu
1073 1483 1186 1544 nostra

1 1597 2 1619 ³
56 1579 298 1646 subscribantur
323 1585 357 1644 et
380 1579 488 1662 sigillo
513 1585 625 1646 nostro
642 1581 839 1666 muniantur,
855 1581 897 1648 ad
913 1581 1042 1648 eosdem
1059 1585 1186 1650 eonsili-

56 1692 134 1756 arios
153 1710 214 1774 pro
230 1687 459 1754 extredatione
474 1689 698 1755 remittendae.

155 1813 392 1881 Ordinabimus
418 1835 548 1899 quoque
573 1821 606 1882 et
627 1817 859 1882 constituemus
875 1819 1068 1903 magistrum
1085 1821 1185 1888 ratio-

1 1907 2 1948 ³
57 1943 135 2006 num,
160 1923 217 2007 qui
242 1921 393 1988 omnibus
419 1923 579 2006 computis
606 1923 854 2008 atrotioribus,
880 1929 1012 2010 quaein
1029 1927 1118 1994 dicta
1134 1951 1186 1996 ea·

57 2052 139 2096 mera
154 2037 270 2096 nostra
285 2027 369 2094 fiunt
384 2035 442 2095 aut
457 2027 529 2094 fieri
546 2028 720 2114 debebunt,
736 2053 889 2116 praesens
904 2035 1044 2120 intersit,
1061 2036 1185 2103 debita·

1 2147 2 2232 ᾗ
58 2159 114 2222 qne
137 2137 201 2204 fide
227 2143 261 2203 et
277 2136 456 2220 diligentia,
474 2159 558 2221 quae
575 2136 673 2203 officii
690 2139 740 2204 sui
757 2145 841 2222 sunt,
858 2147 1041 2226 exequatur
1056 2167 1095 2210 ac
1111 2167 1184 2230 pro·

60 2247 167 2330 rideat,
192 2253 232 2312 nt
256 2245 333 2310 libri
358 2247 522 2310 rationum
546 2246 580 2310 iu
606 2247 737 2312 summis
754 2247 955 2332 singulorum
972 2249 1112 2316 laterum
1129 2273 1186 2318 seu

59 2355 252 2436 paginarum,
278 2353 427 2418 similiter
453 2357 486 2417 et
510 2353 545 2418 in
570 2353 702 2420 summis
727 2375 925 2420 summarum
950 2355 1012 2422 sibi
1037 2363 1126 2424 recte
1152 2365 1185 2424 et

60 2462 194 2542 praecise
211 2467 370 2542 constent,
387 2467 421 2525 et
442 2481 481 2524 er
497 2458 548 2524 his
564 2461 730 2526 summarii
747 2467 913 2529 extractus
929 2464 1079 2531 ordinate
1095 2465 1185 2550 fiant,

62 2589 94 2633 ac
107 2569 263 2654 quioquid
278 2570 313 2634 in
329 2569 513 2634 universum
532 2565 575 2633 ad
590 2567 673 2633 bene
689 2568 882 2654 digerendos
898 2577 1068 2658 computus
1085 2580 1119 2640 et
1134 2597 1185 2642 ra·

1 2681 2 2758 l
63 2676 158 2744 tiones
172 2679 255 2744 utile
273 2683 331 2760 est,
347 2675 465 2759 exequi
481 2681 581 2741 curet.

157 2803 377 2888 singulariter
393 2821 469 2867 vero
485 2807 615 2886 regesta
632 2805 665 2866 et
681 2803 826 2868 rationes
842 2803 980 2870 aliorum
996 2805 1184 2878 officialium

1 2987 4 3011 ‚
63 2930 198 2977 camerae
216 2919 250 2977 et
266 2909 474 2996 quietandas,
499 2929 580 2994 quas
605 2909 667 2993 ipsi
683 2931 756 2974 eum
772 2909 954 2976 rationibus
970 2913 1037 2978 suis
1054 2915 1184 2984 exhibe·

1 3025 2 3102 q
63 3015 142 3102 bunt,
165 3043 223 3105 per
248 3021 392 3104 singulas
408 3019 543 3104 paginas
560 3023 593 3084 et
608 3019 714 3084 latera
729 3041 788 3104 per
804 3021 1011 3105 semetipsum
1027 3021 1182 3107 revideat,

63 3129 128 3194 etsi
143 3151 225 3214 quos
240 3128 387 3196 deiectus
403 3129 508 3194 inesse
524 3128 739 3212 competierit,
758 3149 813 3194 eos
838 3127 991 3195 directori
1008 3136 1041 3196 et
1057 3131 1185 3196 consili·

1 3221 2 3310 l
64 3237 131 3302 ariis
161 3236 301 3302 fideliter
332 3235 463 3302 indicet.
496 3231 703 3318 Quietantias
729 3235 826 3302 etiam
852 3243 1087 3322 perceptorum,
1103 3261 1185 3323 quas

1 3313 3 3445 l
63 3343 149 3411 iidem
173 3347 247 3412 aliis
273 3345 402 3410 ratione
427 3343 672 3428 perceptoribus
697 3343 807 3408 daturi
831 3349 915 3428 sunt,
940 3365 999 3410 sua
1013 3367 1120 3430 manu,
1136 3349 1185 3414 uti

1 3457 3 3534 l
64 3455 263 3533 praemissum
288 3459 346 3535 est,
363 3452 470 3536 signet
486 3451 568 3516 etin
583 3449 781 3534 peculiarem
797 3450 916 3518 librum
931 3452 1125 3520 conscribat.

1 3537 3 3652 l
157 3578 294 3646 Habeat
319 3579 419 3644 etiam
435 3597 562 3663 semper
577 3575 619 3642 ad
635 3597 749 3642 manus
766 3583 949 3644 extractum
965 3599 1022 3644 seu
1038 3578 1183 3646 cathalo-

1 3665 6 3693 *
65 3708 129 3770 gum
147 3709 257 3754 eorum
274 3685 470 3768 officialium,
488 3705 626 3770 quorum
641 3685 785 3750 rationes
804 3686 947 3752 nondum
964 3692 1041 3751 sunt
1056 3686 1184 3754 absolu·

66 3800 116 3861 tre.
125 3797 208 3863 Item
224 3795 312 3880 apud
329 3815 410 3878 quos
421 3793 532 3858 debite
548 3797 724 3875 remanent,
741 3797 775 3857 et
790 3793 932 3858 omnium
948 3794 1180 3860 restantiarum

66 3909 240 3988 arbactum,
252 3903 335 3970 etde
350 3903 404 3968 his
420 3899 568 3968 omnibus
584 3899 721 3966 subinde
738 3901 940 3966 consiliarios
956 3899 1137 3968 admoneat.

157 4029 319 4100 Volumus
330 4027 576 4094 etdecernimus
586 4025 718 4111 insuper
734 4025 827 4108 serio,
844 4029 1002 4090 utomnes
1013 4031 1046 4091 et
1062 4027 1181 4110 singuli

1 4162 12 4289 q
68 4133 206 4205 officiales
222 4157 479 4224 quoruncuuque
504 4139 718 4220 proventuum
734 4139 768 4198 et
784 4131 948 4198 redituum
973 4132 1128 4200 dneetori
1149 4141 1182 4199 et

1 4292 4 4335 ,
68 4247 244 4314 musibsriis
254 4246 374 4312 nostris
385 4244 424 4310 de
441 4241 590 4310 omnibus
600 4247 634 4308 et
650 4241 785 4325 singulis
800 4239 961 4324 perceptis
978 4246 1011 4306 et
1028 4241 1182 4324 expositis

2 4338 3 4406 l
69 4353 212 4423 aucium
236 4377 349 4422 curam
373 4351 525 4435 habeant,
550 4373 589 4417 ac
613 4351 653 4416 de
679 4348 799 4416 eisdem
823 4347 943 4414 bonum
968 4371 1007 4414 ac
1022 4348 1182 4433 liquidum

70 4475 237 4548 computum
252 4470 388 4531 teneant
403 4459 579 4528 secundum
593 4458 692 4526 oflicii
709 4459 759 4524 sui
775 4457 972 4541 exigentiam
988 4477 1027 4522 ac
1042 4457 1182 4524 instruc·

70 4568 181 4658 donem,
197 4595 295 4659 quam
312 4571 413 4638 cuivis
429 4569 561 4637 officiali
578 4589 676 4654 super
690 4566 787 4634 modo
804 4563 1094 4632 administrationis
1111 4564 1180 4632 olfi-

72 4675 105 4740 0ii
122 4682 166 4746 sni
179 4703 237 4767 per
253 4679 455 4749 consiliarios
470 4677 543 4746 dari
558 4677 713 4744 volumus.

120 4837 209 4896 Erdelyl
223 4839 399 4893 Orssrimsrlesl
409 4838 523 4880 lrlmldkek
535 4839 563 4879 V.
1041 4801 1073 4852 Π
