3100 5420
345 464 410 531 462
720 477 838 528 11111111
857 476 1109 528 oxszlocrrtntsnx.

344 649 410 714 iam
436 653 571 732 constat,
597 669 615 712 e
640 645 816 712 visnbalvis
844 652 887 730 to,
903 667 968 731 quo
984 647 1019 711 in
1034 651 1124 712 statu
1139 667 1225 711 nuno
1240 666 1289 711 res
1303 643 1441 730 Tmnssyl·

346 758 480 822 vanioae
508 761 723 840 gestarentur,
739 752 801 819 Mti
834 753 915 824 Vrae
940 776 1022 820 saer.
1037 753 1285 838 significandum
1299 753 1376 837 duxi,
1388 777 1442 819 cun

345 865 430 930 enim
454 865 555 930 veluti
580 863 663 930 liber
687 885 708 929 a
725 862 891 928 functione
906 883 979 928 mea
995 862 1126 928 domum
1141 866 1258 928 revorti
1274 869 1306 928 et
1319 862 1372 928 snb
1384 861 1441 926 fide

343 973 471 1038 litatem
487 971 562 1037 Meis
578 971 642 1040 Vra
678 991 758 1036 scor.
769 991 869 1055 quarn
884 992 971 1036 nnnc
986 992 1118 1055 quoque
1133 972 1257 1038 1110111
1273 972 1349 1053 colo,
1361 970 1442 1034 redire

345 1087 435 1148 certa
451 1081 698 1163 constituissem,
714 1079 777 1144 Mei
798 1079 879 1148 Vrae
906 1080 1109 1145 notissimum
1125 1081 1282 1146 existimo
1298 1079 1444 1145 Praenota·

343 1196 412 1258 tum
439 1190 604 1255 dominum
628 1187 789 1274 Bechires
814 1209 851 1253 eo
876 1187 983 1253 adhue
998 1190 1031 1253 in
1047 1189 1127 1254 vivis
1142 1189 1341 1269 existentem,
1354 1185 1446 1271 princi·

343 1303 456 1382 patum
482 1296 751 1381 Transsylvaniae
766 1296 876 1379 vigore
891 1296 1147 1361 testimentariae
1164 1318 1239 1361 suae
1256 1294 1446 1380 dispositionis

342 1403 513 1489 magnifico
538 1404 714 1472 Valentino
730 1402 928 1488 Homonnay
951 1405 1118 1488 legavisse,
1144 1428 1208 1490 quo
1234 1403 1362 1471 tandem
1383 1403 1447 1468 deci·

344 1513 439 1579 dente
464 1535 503 1578 ex
516 1513 732 1598 ¹persvasione
757 1512 855 1578 Pauli
881 1511 994 1599 Nyary
1011 1512 1174 1598 Oassovia,
1190 1536 1241 1579 me
1257 1521 1292 1579 et
1307 1511 1448 1594 Transsyl·

343 1623 434 1687 vanis
444 1622 563 1704 insciis,
573 1622 730 1705 quosdam
741 1622 784 1686 ad
800 1623 962 1688 excelsam
978 1629 1107 1707 portam
1122 1624 1328 1708 imperatoris
1344 1621 1448 1686 lbrcici

344 1732 457 1796 literas
482 1735 517 1795 et
547 1729 682 1796 nuncios
706 1731 840 1812 misisse,
865 1751 924 1814 per
949 1752 1029 1814 quos
1063 1751 1248 1815 persvasere
1274 1730 1449 1796 conabantur

344 1838 470 1923 Turois,
485 1835 691 1904 nobilitatem
708 1837 982 1924 Transsylvanam
998 1839 1181 1904 iuramento
1197 1861 1266 1904 sese
1282 1839 1450 1921 obligas-isse

344 1948 473 2012 domino
499 1945 676 2014 Valentino
701 1945 907 2031 Homonnay,
933 1947 989 2030 qui
1016 1945 1146 2030 quidem
1171 1948 1282 2012 nuncii
1297 1944 1451 2012 011111111-

344 2053 540 2124 dor-Albam
557 2053 599 2119 ad
614 2054 774 2118 venerium
790 2055 1021 2138 pervenissent,
1037 2055 1116 2120 licet
1139 2055 1243 2120 literis
1258 2055 1354 2120 Pauli
1369 2053 1452 2134 Niary

344 2162 504 2229 aTurois
532 2163 739 2245 aliquatenus
771 2159 852 2225 fides
883 2160 1033 2226 adhibita
1066 2161 1181 2227 suisset
1206 2185 1266 2247 pro
1294 2162 1452 2230 Valentino

343 2271 548 2356 Homonnay,
567 2268 778 2334 nihilominus
796 2267 900 2352 bassa,
918 2275 955 2333 ut
974 2290 1014 2334 ex
1029 2271 1130 2353 ipsius
1146 2271 1251 2335 literis
1267 2277 1404 2356 apparet,
1418 2270 1454 2332 vir

342 2380 485 2464 prudens
508 2384 541 2444 et
556 2379 817 2462 circumspectae,
833 2398 891 2462 per
918 2380 1086 2444 onawzium
1105 2381 1280 2464 nunciavit,
1295 2380 1454 2464 prinoipem

343 2487 617 2572 Transsylvanum
642 2508 707 2550 non
727 2506 795 2550 esse
812 2507 829 2550 e
845 2486 1024 2572 longinquo
1040 2487 1226 2572 petendum,
1244 2486 1370 2571 quando
1386 2488 1456 2550 inter

344 2597 431 2680 ipsos
456 2597 617 2678 existeret,
643 2595 761 2678 quibus
786 2596 911 2660 nunciis
927 2617 1010 2679 quas
1025 2595 1211 2660 adiunxerit
1226 2597 1345 2679 literas,
1360 2615 1457 2660 earun-

343 2704 416 2768 dem
432 2704 755 2788 interpraetationem
771 2704 805 2766 in
821 2702 1048 2786 Hungaricam
1064 2705 1210 2787 linguam
1226 2705 1296 2769 sine
1311 2701 1457 2768 diminuti·

343 2833 404 2878 one
428 2812 479 2877 vel
503 2817 685 2895 augmento,
710 2833 863 2877 unacum
889 2835 999 2878 carum
1027 2835 1108 2897 quas
1124 2813 1167 2878 ad
1183 2815 1331 2879 civitates
1346 2811 1458 2890 liberas,

343 2921 394 2986 his
404 2921 482 2985 11111
492 2919 642 3003 inclusas,
659 2919 722 2984 Mu
751 2919 831 2988 Vrae
857 2943 937 2986 sacr.
954 2923 1175 2987 transmittere
1191 2922 1288 2987 volui.
1304 2918 1459 2985 Nihilomi-

343 3053 404 3095 nus
429 3037 537 3096 tamen
562 3029 783 3114 principatum
798 3030 885 3095 hunc
901 3029 1174 3116 Transsylvaniae
1190 3030 1339 3096 omnibus
1354 3029 1460 3094 viribus

345 3137 522 3207 Valentino
539 3133 734 3220 Homonuay
750 3135 876 3201 deferre
893 3135 1028 3220 nitebar,
1044 3139 1122 3203 11011
1140 3144 1271 3222 praeter
1287 3135 1460 3203 Gabrielem

345 3245 466 3311 Haller
490 3265 583 3310 nemo
608 3265 648 3308 ex
674 3244 825 3308 universo
845 3245 987 3310 omnium
1004 3251 1148 3310 statuum
1165 3245 1278 3310 ordine
1294 3246 1460 3309 iuramento
1522 3311 1524 3338 ,

346 3375 414 3421 1111
430 3351 630 3435 obligaverit,
655 3351 690 3415 in
706 3372 770 3434 quo
786 3351 916 3436 quidem
932 3354 1064 3435 negotio
1080 3358 1238 3436 quantum
1253 3351 1462 3428 laboraverim

345 3465 397 3530 vix
414 3462 518 3529 literis
543 3459 812 3544 comprehendere
827 3460 928 3543 valeo,
945 3461 996 3525 oui
1013 3461 1111 3527 etiarn
1127 3464 1346 3548 promiseram,
1361 3482 1408 3526 111
1422 3457 1464 3522 1111

346 3568 613 3656 gratificaturum.
623 3566 748 3634 Verum
758 3567 856 3632 animi
874 3567 1008 3633 adverso
1025 3591 1062 3634 eo
1080 3575 1150 3635 tota
1165 3569 1462 3656 Transsylvanorun

345 3680 508 3761 nobilitas,
534 3674 621 3761 quod
647 3673 795 3740 dominus
814 3675 1010 3762 Homonnay
1026 3683 1197 3761 praetextu
1212 3677 1464 3745 testamentariae

346 3786 567 3870 dispositionis
593 3805 662 3850 1111
678 3784 711 3847 11
728 3781 905 3850 dominium
922 3785 1219 3852 Transsilvanicum
1234 3789 1395 3852 insinuare
1410 3783 1465 3848 rel-

345 3894 400 3977 let,
425 3897 582 3976 tanquam
606 3891 745 3977 pristino
771 3889 877 3958 edocti
902 3894 997 3976 malo,
1022 3895 1166 3960 volentes
1185 3895 1353 3980 providere
1379 3915 1416 3958 ne
1436 3893 1465 3956 11

346 4000 501 4066 maiorem
526 4021 560 4065 se
578 4005 790 4084 posterosque
807 4021 881 4066 suos
897 4002 1153 4086 proecipitarent
1168 4005 1393 4084 calamitatem,
1408 4021 1466 4066 ma-

346 4115 418 4173 ture
436 4107 674 4191 praeviderunt,
690 4113 817 4174 attento
828 4110 926 4174 etiam
944 4132 991 4194 eo,
1007 4111 1096 4194 quod
1112 4109 1249 4177 Gabriel
1264 4111 1399 4178 Bathori
1414 4129 1466 4194 per

346 4215 510 4301 quandam
537 4219 746 4283 successionis
771 4221 1033 4304 praetensionem
1052 4220 1137 4285 idem
1153 4221 1330 4287 dominium
1347 4219 1467 4286 affecta·

348 4331 409 4408 ret,
436 4345 500 4408 quo
525 4324 660 4407 monito,
685 4331 723 4390 ut
741 4325 784 4392 ab
803 4327 961 4394 eiusmodi
978 4328 1231 4411 cogitationibus
1248 4327 1467 4414 supersederet,

348 4434 544 4499 sententiam
559 4435 706 4502 mutavit.

454 4541 502 4607 Et
517 4541 568 4606 his
586 4541 633 4606 sio
649 4541 780 4626 habitis,
799 4567 871 4611 cum
887 4547 952 4611 iarn
963 4547 1129 4613 dominum
1145 4547 1394 4632 Homonnayum
1410 4545 1468 4609 lae-

347 4657 399 4717 tus
426 4655 458 4716 11
484 4651 595 4716 alacer
621 4659 835 4737 expectarem,
863 4677 901 4720 ac
927 4657 954 4719 si
970 4655 1117 4721 licuisset
1143 4657 1310 4722 columbae
1326 4659 1423 4720 instar
1437 4653 1467 4716 in
