3062 5414
356 471 397 531 80
722 483 841 530 saonam
865 483 1116 535 onszloortlnussn.

355 647 522 712 Andream
549 647 731 712 Bathoreos
758 648 961 732 quibuspiam
978 649 1107 730 donata,
1132 651 1297 735 inscripta,
1321 672 1464 718 assecura-

354 759 452 822 tionis
468 763 526 821 aut
541 757 606 822 alio
623 755 770 840 quolibet
786 757 883 820 titulo
900 757 1046 840 legitimo
1066 759 1187 824 collata
1202 760 1343 824 fuerunt.

463 863 636 930 Caeterum
662 871 801 948 quantas
818 871 852 928 et
875 865 1107 949 propemodum
1127 867 1349 932 intolerabiles
1365 887 1464 950 expeu-

353 996 405 1039 sas
421 973 463 1038 ad
479 979 683 1057 praesentem
699 971 937 1056 expeditionem
968 971 1074 1038 facere
1091 974 1304 1057 debuerimus,
1319 980 1424 1058 utpote
1437 975 1464 1036 in
1524 959 1525 962 ¹

351 1089 419 1146 tam
435 1082 606 1165 repentino
622 1086 655 1145 et
671 1081 838 1164 inopinato
864 1101 949 1162 casu,
972 1082 1078 1164 ipsum
1102 1081 1204 1148 robur
1221 1083 1358 1147 militiae
1372 1081 1464 1146 raino
1523 1099 1525 1158 1

351 1190 412 1254 dac
429 1190 559 1272 quantis
584 1188 812 1271 largitionibus
838 1192 870 1251 et
885 1189 1052 1270 promissis
1076 1188 1119 1254 ad
1135 1197 1263 1254 nostras
1288 1189 1464 1273 pertraxeri-
1523 1255 1525 1272 ,

350 1321 422 1364 mus
438 1303 558 1382 partes,
574 1319 655 1362 sacr.
672 1319 754 1362 caes.
771 1295 861 1360 Mtas
880 1295 952 1363 Vra
976 1299 1116 1380 sapienti
1132 1298 1252 1363 iudicio
1272 1319 1405 1384 pensare
1419 1318 1463 1380 po·
1523 1281 1525 1356 l

349 1413 423 1490 test,
439 1407 603 1489 plerisque
619 1405 827 1469 benemeritis
852 1403 938 1469 bona
954 1405 1062 1487 vigore
1081 1407 1264 1472 litterarum
1281 1411 1463 1471 assecurato·

350 1517 472 1579 riarum
498 1514 693 1578 contulimus
719 1519 816 1596 atque
851 1513 1034 1577 iuramento
1058 1513 1222 1578 mediante
1246 1514 1462 1579 roborauimua
1523 1491 1525 1598 1

349 1623 578 1708 Supplicamus
594 1623 713 1705 itaque,
729 1627 766 1686 ut
782 1643 821 1687 ea
837 1622 945 1686 omnia
955 1643 1036 1687 sacr.
1055 1643 1136 1688 caea.
1153 1622 1244 1688 Mtas
1254 1621 1325 1693 Vra
1340 1623 1462 1705 benigue
1524 1613 1525 1674 1

349 1729 539 1798 confirmare
556 1737 589 1795 et
604 1730 767 1796 ratificarc
783 1730 943 1813 dignetur.

456 1839 528 1904 Iam
544 1861 619 1904 vero
636 1860 709 1904 cum
725 1839 953 1922 intelligamus,
964 1837 1161 1904 Michaclem
1177 1839 1348 1905 vaiuodam
1364 1846 1461 1906 contra
1523 1863 1525 1970 q

347 1949 548 2014 voluntatem
574 1969 655 2012 sacr.
680 1947 762 2012 Mtis
778 1945 868 2016 Vrae
894 1947 979 2012 hauc
994 1949 1197 2031 prouinciam
1217 1950 1374 2032 superiori
1388 1969 1460 2012 auno

346 2059 513 2140 inuasisse,
529 2063 627 2140 atqua
643 2057 784 2140 rapinas,
801 2055 924 2139 caedes,
949 2057 1099 2122 incendia
1116 2063 1148 2121 et
1165 2055 1217 2141 (ut
1232 2079 1313 2123 sacr.
1329 2057 1376 2122 M.
1392 2077 1460 2121 caes
1521 1973 1525 2160 Ι

347 2168 467 2230 certius
483 2188 522 2230 ex
538 2165 604 2229 suis
614 2163 785 2248 fidedignis
797 2169 830 2228 et
839 2165 1002 2248 primarijs
1013 2166 1089 2230 viris
1100 2165 1287 2251 cognoscet)
1299 2173 1459 2230 extremam

345 2278 473 2340 ruinam
489 2274 645 2354 intulisse,
661 2279 699 2338 ut
715 2274 882 2356 indignum
899 2275 1029 2339 omuino
1045 2274 1194 2338 videatur
1209 2271 1459 2338 truculentissimi

345 2383 440 2448 huius
457 2383 585 2467 tyranni
602 2382 653 2446 rel
670 2383 813 2466 aliquam
830 2383 945 2447 saltem
961 2383 1149 2447 memoriam
1167 2389 1278 2447 extare
1295 2383 1458 2460 honestam,

345 2515 407 2557 sac.
425 2516 505 2557 caes.
521 2492 586 2556 Mti
603 2491 692 2559 Vrae
709 2493 757 2556 uti
773 2491 903 2557 domino
914 2493 1164 2558 clementissimo
1174 2493 1382 2557 vehementer
1397 2513 1458 2573 sup·

345 2603 512 2686 plicamus,
537 2607 574 2664 ut
598 2622 709 2665 omues
735 2602 802 2665 eius
828 2601 1027 2684 donationes,
1052 2601 1278 2685 inscriptiones
1303 2607 1361 2666 aut
1377 2602 1459 2664 aliter

345 2710 604 2793 quandocunque
621 2709 724 2774 lactas
750 2709 939 2774 collationes
970 2707 1127 2794 (exceptis
1153 2711 1202 2793 ijs,
1218 2732 1301 2792 quae
1318 2711 1368 2774 vel
1384 2729 1459 2792 spee-
1522 2745 1524 2804 ,

344 2818 438 2882 tabili
456 2823 488 2880 et
503 2815 676 2900 magnifico
687 2817 817 2882 domino
828 2817 997 2902 Stephano
1014 2816 1132 2882 Ohialri
1148 2817 1199 2882 vel
1215 2819 1349 2882 militari
1366 2815 1459 2882 ordini

345 2927 536 3006 contulerat,
562 2947 644 3009 quac
663 2948 722 2990 nos
747 2948 875 3010 quoque
900 2947 960 3010 pro
985 2932 1057 2991 rato
1075 2933 1107 2990 et
1123 2925 1216 2990 firrno
1242 2925 1419 3007 habuimus,
1434 2929 1458 2986 et

343 3036 525 3100 iuramento
551 3031 742 3098 continuata
765 3041 923 3118 perpetuo
948 3037 1018 3100 iure
1038 3033 1315 3120 confirmauimus)
1332 3033 1460 3099 ineffica·
1522 3035 1523 3114 1

340 3164 401 3223 ces,
417 3143 557 3217 inutiles,
573 3141 758 3224 viribusque
770 3142 942 3206 destitutas
958 3142 1093 3207 reddero
1111 3142 1270 3226 dignetur.
1287 3141 1327 3206 In
1345 3161 1458 3206 summa
1522 3131 1523 3138 ¹

339 3271 419 3314 sacr.
435 3249 481 3313 M.
498 3247 539 3315 V.
556 3271 607 3314 res
632 3271 742 3314 omncs
768 3249 1031 3315 Transiluanieas
1048 3251 1124 3316 velit
1149 3251 1182 3314 in
1200 3273 1237 3315 co
1253 3251 1418 3316 liberrimo
1433 3255 1459 3311 et

338 3358 487 3422 absoluto
505 3363 592 3422 statu
619 3380 820 3440 conseruare,
845 3360 878 3423 in
906 3381 969 3443 quo
995 3365 1064 3423 tum
1080 3359 1222 3442 suerunt,
1248 3381 1320 3426 cum
1337 3361 1459 3444 prouin-

338 3467 420 3530 ciam
451 3465 594 3530 Michael
619 3488 677 3550 per
708 3467 914 3533 latrocinium
940 3468 1062 3533 nefario
1089 3473 1121 3532 et
1146 3467 1309 3532 hostiliter
1339 3468 1459 3534 inuasit.

338 3571 492 3658 Quamvis
509 3580 626 3657 autem,
652 3577 867 3641 sacratissime
884 3578 1062 3660 imperator
1076 3576 1163 3640 idem
1189 3581 1287 3660 spect.
1314 3583 1348 3642 et
1363 3597 1459 3658 magu.

336 3681 484 3747 domiuus
501 3681 687 3766 Stephanus
705 3681 822 3749 Ohiaki
833 3684 874 3749 ob
891 3684 1048 3766 insignem
1066 3683 1133 3746 eius
1144 3683 1178 3746 in
1196 3705 1275 3748 sacr.
1287 3683 1460 3750 MtisVrar

336 3789 528 3856 fidelitatem
546 3797 579 3853 et
594 3792 763 3873 praeclara
788 3793 821 3856 in
838 3793 979 3876 patriam
1006 3797 1149 3856 nostram
1166 3792 1283 3856 merita
1298 3791 1460 3857 beneficia-

336 3919 398 3980 que
415 3919 479 3962 nou
506 3898 610 3961 solum
635 3897 715 3963 haec
731 3921 840 3964 verum
867 3903 965 3967 etiam
990 3901 1086 3984 longe
1112 3899 1162 3965 his
1178 3901 1303 3966 maiora
1329 3923 1349 3967 a
1374 3899 1460 3966 nobis

335 4007 561 4090 promeruerit,
578 4010 615 4069 ut
632 4011 739 4070 tamen
756 4006 818 4072 hac
833 4010 865 4072 in
882 4015 975 4092 parto
1002 4029 1130 4092 quoque
1162 4009 1395 4092 gratitudinem
1411 4029 1460 4073 uo-

335 4119 435 4178 stram
452 4115 522 4178 iure
540 4118 744 4199 testaremur,
764 4139 974 4202 quaecunque
991 4118 1078 4183 bona
1093 4119 1155 4201 ipsi
1173 4119 1223 4182 vel
1241 4118 1388 4186 Michael
1402 4118 1460 4182 rai·

333 4221 420 4288 uoda
436 4243 629 4306 quocunque
646 4223 742 4289 titulo
759 4226 906 4308 contulit,
926 4231 983 4291 aut
999 4225 1063 4290 salio
1080 4247 1272 4310 quocunque
1288 4229 1360 4293 iure
1376 4247 1460 4313 prae·

334 4337 384 4394 ter
400 4351 439 4394 oa
454 4328 607 4413 possedit,
624 4329 656 4393 in
683 4351 794 4396 eorum
810 4333 952 4398 dominio
969 4335 1074 4417 ipsum
1100 4335 1283 4399 iuramento
1300 4337 1457 4402 mediante

333 4435 603 4518 confirmauimus,
620 4437 667 4502 uti
684 4437 745 4502 hac
770 4439 809 4502 de
826 4462 860 4504 ro
878 4463 957 4506 sacr.
982 4463 1063 4506 caes.
1080 4442 1185 4506 Mtem
1203 4441 1306 4510 Vram
1324 4441 1458 4528 peculia·

331 4543 421 4606 ribus
446 4544 549 4609 literis
575 4544 712 4610 demisse
737 4548 974 4631 requiriuimus‚
991 4569 1070 4614 sacr.
1095 4549 1161 4614 Mti
1177 4549 1267 4618 Vrao
1284 4549 1457 4618 humillimo

331 4652 558 4736 supplicamus,
584 4659 622 4717 ut
646 4652 708 4718 hac
725 4656 822 4720 ctiam
839 4657 871 4721 in
888 4663 982 4751 parte
1008 4658 1181 4741 postulatis
1197 4660 1318 4724 uostris
1335 4657 1457 4725 satissa-
