3062 5414
338 512 402 571 130
699 522 817 566 sunem
833 519 1086 568 oasaleerdutser.

340 687 428 768 tiam,
445 688 492 750 ita
509 686 649 768 denique
673 688 904 769 imperatorem
930 684 1152 766 christianum,
1168 686 1260 749 cirins
1275 685 1334 750 illa
1346 686 1456 770 praeci-

341 817 407 878 pua
422 795 504 874 laus,
529 815 663 876 parcere
688 795 840 858 subiectis
866 799 900 856 et
925 792 1088 857 debellare
1114 793 1278 879 superbos.
1304 792 1382 876 Scio,
1399 816 1456 858 non

337 903 432 968 modo
448 904 551 968 totius
569 903 827 982 Transiluaniae‚
843 901 899 964 sed
917 901 1017 965 totius
1032 923 1135 984 poene
1145 902 1282 967 dixerim
1294 902 1376 967 orbis
1392 924 1457 967 ocu·

336 1013 394 1092 los,
411 1013 444 1074 in
467 1011 554 1075 hanc
577 1033 676 1075 unam
702 1032 771 1074 rem
798 1031 868 1073 esse
887 1009 1057 1092 coniectos,
1075 1010 1235 1093 quomodo
1251 1012 1396 1077 nimiunn
1411 1011 1458 1074 bic

335 1122 487 1204 princeps
511 1120 711 1202 accipiatur:
737 1140 777 1182 ex
792 1116 855 1181 hac
881 1139 925 1199 re,
942 1117 982 1182 de
1008 1119 1119 1183 multis
1135 1119 1209 1202 alijs
1234 1119 1385 1185 iudicium
1400 1117 1457 1195 liet,
1520 1107 1521 1114 ἵ

337 1235 397 1294 etc.
423 1227 627 1311 sapientibus
650 1248 764 1311 pauca
789 1226 836 1290 Et
860 1247 935 1290 vero
960 1227 1059 1290 miser
1074 1228 1233 1310 princeps,
1259 1229 1315 1312 qui
1339 1233 1374 1292 nt
1388 1228 1457 1310 reip.

341 1336 519 1422 christiane
544 1335 737 1419 consuleret,
762 1356 821 1400 suo
846 1355 881 1398 se
897 1335 1033 1415 exuerit,
1053 1339 1086 1398 et
1101 1335 1298 1419 patrimonio
1316 1343 1347 1400 et
1361 1355 1458 1418 regno,

340 1443 430 1526 haec,
446 1451 480 1508 et
496 1440 560 1527 (fas
575 1442 654 1508 mihi
673 1444 716 1508 sit
733 1441 838 1527 loqui)
855 1443 980 1506 maiora
996 1443 1192 1524 promeritus
1208 1443 1342 1509 videtur.

447 1549 543 1634 Quod
559 1557 668 1617 autem
683 1553 803 1618 attinet
828 1551 871 1616 ad
886 1553 1225 1636 recompensationem,
1241 1576 1300 1619 sua
1316 1555 1457 1619 serenitas

339 1683 373 1726 se
391 1667 495 1725 totam
520 1660 749 1747 benignissime
775 1659 965 1724 clementiae
990 1660 1151 1743 imperiali
1178 1661 1349 1726 submittit
1365 1660 1457 1726 Nosse

343 1770 479 1834 enimse
496 1769 544 1833 ait
567 1768 715 1832 inclitam
739 1767 824 1832 hanc
848 1767 1015 1850 familiam,
1032 1789 1116 1851 quae
1132 1769 1215 1834 nulli
1232 1792 1372 1854 unquam
1388 1769 1459 1835 iniu-

344 1880 427 1943 riam
443 1875 567 1958 fecerit,
582 1876 622 1940 de
638 1876 787 1941 omnibus
803 1875 884 1940 bene
900 1877 1018 1940 merita
1033 1875 1142 1960 fuerit,
1165 1879 1331 1961 ingentem
1346 1899 1458 1962 semper

341 1987 532 2051 clementiae
549 1991 582 2050 et
597 1985 811 2067 benignitatis
829 1984 959 2048 laudem
974 1984 1133 2050 retulerit.
1148 1984 1307 2053 Vellet
1329 1993 1459 2052 temen

340 2094 450 2176 sibi,
492 2093 618 2157 siita
653 2113 756 2157 suae
788 2094 1024 2158 maiestati
1057 2093 1312 2176 videretur,
1353 2114 1458 2179 prae-

341 2203 467 2284 stari,
491 2221 601 2284 quae
625 2200 669 2264 in
700 2200 860 2265 literis
883 2201 934 2266 ad
967 2200 1184 2266 dominum
1208 2201 1387 2268 Bastam
1409 2201 1459 2267 da·
1520 2239 1521 2244 κ

344 2311 414 2392 tis,
445 2309 669 2392 promissa
693 2313 816 2391 sunt,
849 2314 892 2372 et
923 2330 1017 2372 mox
1048 2309 1178 2373 nouis
1204 2331 1224 2373 a
1249 2331 1326 2375 sua
1348 2311 1459 2376 maie

342 2423 464 2483 state
496 2417 679 2481 litteris
711 2413 967 2499 ratificata,
999 2415 1223 2499 verboque
1256 2438 1457 2484 caesareo

344 2522 626 2590 confirmata
661 2522 864 2589 Ducatus
897 2525 1085 2589 scilicet
1118 2525 1225 2590 duos
1250 2523 1459 2611 Oppuliac

344 2639 377 2698 et
418 2631 678 2720 Ratiborye,
726 2632 1066 2716 quinquaginta
1098 2634 1248 2698 millia
1286 2636 1460 2700 tallere·

342 2763 432 2806 rum
457 2761 605 2823 annua,
629 2762 733 2806 suae
764 2741 1027 2806 maiestatis
1059 2743 1340 2824 patrocinio,
1365 2745 1460 2808 eins·
1519 2757 1521 2762 ·

344 2851 528 2935 demque
560 2849 611 2914 ad
643 2871 762 2914 suam
800 2851 1089 2915 sanctitaten
1122 2855 1164 2914 et
1195 2851 1247 2915 ad
1270 2853 1461 2916 maiesta

345 2967 432 3025 tem
466 2955 743 3024 catholicam
775 2957 975 3023 litteras.
1008 2957 1194 3042 Egomet
1218 2981 1266 3023 ex
1289 2958 1463 3024 litteris
1519 3021 1521 3026 .

345 3089 448 3134 suae
479 3067 743 3132 maiestatis
775 3071 926 3149 caput,
949 3067 992 3130 in
1016 3087 1097 3149 quo
1136 3067 1244 3132 haec
1276 3069 1463 3133 contine

347 3175 512 3240 bantur
544 3195 634 3239 mea
666 3195 792 3239 manu
825 3173 1068 3257 descripsi,
1101 3174 1145 3237 in
1177 3172 1383 3260 Zakmar,
1405 3173 1463 3240 Al·

347 3280 441 3345 bam
473 3279 645 3346 duliam
677 3281 785 3364 tuli,
819 3287 860 3346 et
892 3281 935 3346 in
967 3281 1154 3365 publico
1187 3291 1347 3349 senatu
1371 3282 1465 3349 reci-

341 3389 455 3472 'taui,
488 3395 623 3472 atque
655 3391 721 3454 ita
744 3390 955 3472 recitaui,
987 3395 1035 3453 ut
1067 3391 1224 3454 statim
1256 3393 1464 3475 princeps,

347 3498 396 3563 de
429 3499 634 3563 cessione
665 3497 934 3581 prouinciae
966 3497 1085 3562 serio
1118 3499 1326 3582 cogitare
1360 3516 1465 3589 cepe·

345 3607 417 3690 rit,
440 3612 486 3672 ut
511 3605 680 3690 deinde,
704 3606 782 3670 deo
807 3604 1244 3687 fortunente,totius
1267 3608 1333 3672 rei
1357 3624 1465 3673 euen-

346 3719 418 3778 tus
441 3713 654 3779 ostendit.
688 3713 793 3798 Super
817 3713 859 3799 ijs
878 3719 988 3778 tamen
1010 3711 1116 3796 rebus,
1141 3713 1194 3779 hic
1220 3722 1269 3779 est
1293 3736 1370 3782 suae
1394 3732 1466 3782 scre-

346 3821 461 3886 nitatis
487 3823 631 3906 animus,
656 3821 794 3887 ducatus
819 3823 893 3887 illos
918 3822 952 3886 in
978 3823 1090 3906 primis
1113 3823 1225 3906 nollet,
1251 3825 1398 3908 quicppe,
1420 3817 1465 3906 qui

347 3927 424 3992 huic
439 3928 630 3992 tractationi
654 3949 781 4012 semper
796 3929 969 3994 videantur
993 3928 1092 3994 fuisse
1107 3929 1252 4012 infausti,
1270 3931 1358 4014 quod
1374 3954 1412 3997 ex
1425 3929 1466 4013 ijs

348 4055 521 4118 quaecum
545 4033 697 4118 Isabella,
722 4041 798 4100 ante
814 4057 916 4102 annos
941 4038 1186 4121 quinquaginta,
1212 4059 1296 4121 quae
1321 4058 1394 4105 cum
1408 4040 1467 4120 ipso

350 4140 557 4226 Sigismundo
583 4164 648 4209 nou
672 4143 721 4210 ita
744 4145 871 4228 pridem
895 4150 1064 4212 transacta
1088 4151 1173 4228 sunt,
1197 4146 1340 4230 intelligi
1363 4147 1466 4231 potest

349 4248 515 4318 Summam
539 4258 693 4342 preterea
716 4255 817 4338 illam,
852 4256 1092 4340 quinquaginta
1115 4255 1255 4320 millium
1280 4255 1467 4329 tollerem

348 4358 453 4424 nollet
469 4379 537 4424 esse
561 4361 596 4425 in
620 4363 766 4448 pecunijs
791 4363 961 4428 annuatim
985 4363 1171 4447 numeratis,
1197 4363 1254 4428 sed
1269 4363 1368 4428 vellet
1384 4363 1468 4428 duca·

349 4474 442 4531 tuum
458 4467 588 4534 illorum
612 4471 738 4537 reditus
763 4472 938 4554 aestimari,
965 4477 999 4536 et
1014 4493 1173 4538 summam
1189 4473 1289 4556 illam,
1306 4493 1390 4556 quae
1404 4465 1468 4536 inde

348 4577 545 4660 proueniret,
562 4599 635 4644 cum
645 4579 710 4646 illis
725 4580 966 4665 quinquaginta
975 4581 1120 4646 millibus
1137 4582 1310 4664 numerari,
1326 4587 1361 4645 et
1377 4586 1468 4646 totam

350 4680 467 4748 deinde
491 4682 576 4751 hanc
600 4707 766 4772 summam,
791 4688 825 4752 in
849 4685 943 4754 bonis
966 4687 1139 4755 stabilibus
1165 4689 1234 4754 siue
1261 4685 1467 4756 immobilibus
