3100 5420
339 519 405 582 492
717 533 835 580 annum
851 533 1104 583 onszlooriim'rsnu.

339 703 389 763 tes
406 699 524 783 quibus
540 697 670 784 expedit
696 698 862 765 universis.
888 695 985 782 Quod
1000 698 1111 765 fideles
1137 701 1240 766 nostri
1260 700 1375 766 domini
1388 723 1449 785 pm·

340 828 429 874 ceres
445 814 614 892 magnates
639 813 673 873 et
697 807 823 874 nobiles
847 809 1033 894 caeterique
1057 814 1163 876 status
1180 815 1213 875 et
1229 809 1355 875 ordines
1369 811 1452 875 trium

339 917 508 982 nationum
525 916 604 982 dicti
620 917 713 1000 regni
729 919 832 984 nostri
847 917 1102 1003 Trsusylvanise
1117 918 1151 984 in
1167 919 1312 1003 generali
1327 919 1451 1003 ipsomm

341 1033 500 1092 conventu
525 1049 584 1112 per
609 1046 667 1093 uos
692 1027 735 1094 ad
759 1027 844 1094 diem
870 1026 1031 1092 decimum
1055 1028 1215 1094 currentis
1240 1029 1356 1094 mensis
1370 1027 1449 1113 Juuij

340 1137 416 1202 anni
431 1135 612 1221 praesentis
644 1135 805 1202 millesimi
829 1136 1054 1204 sexcentesimi
1079 1137 1211 1222 septimi
1227 1136 1359 1220 indicto,
1372 1137 1402 1202 iu
1414 1138 1451 1202 ci·

339 1246 441 1310 vitate
457 1249 570 1310 nostra
595 1241 759 1312 Coloswar
784 1245 826 1311 ad
842 1245 1033 1312 mandatum
1050 1251 1197 1312 nostrum
1214 1247 1396 1329 congregati
1409 1267 1455 1310 en·

341 1351 518 1418 hibuerunt
551 1351 644 1418 nobis
670 1355 703 1418 et
734 1359 1024 1438 praesentaverunt
1057 1352 1285 1438 infrascriptos
1319 1353 1456 1419 articulos

339 1459 562 1528 communibus
585 1461 727 1546 ipsorum
753 1463 836 1527 votis
862 1465 895 1527 et
910 1460 1073 1548 suffragijs
1088 1462 1299 1547 generalique
1315 1483 1456 1526 consensu

340 1569 516 1655 conclusos
534 1570 755 1655 supplicantes
780 1571 873 1637 nobis
889 1572 1057 1638 humiliter
1081 1577 1119 1636 ut
1134 1571 1302 1637 universos
1318 1571 1457 1636 articulos

342 1685 375 1744 ct
391 1680 520 1763 singula
534 1680 568 1746 in
585 1679 705 1746 eisdem
722 1685 885 1766 contenta,
909 1687 1008 1764 ratos,
1027 1683 1138 1765 gratos
1155 1685 1188 1746 et
1204 1683 1337 1765 accepta
1351 1677 1458 1772 haben·

339 1795 397 1872 tes,
422 1793 632 1874 nostrumque
657 1810 848 1856 consensum
872 1789 939 1855 illis
964 1789 1166 1875 praebentes
1192 1788 1455 1854 authoritatem

339 1903 409 1962 stra
424 1897 596 1982 principali
612 1898 750 1983 benigne
766 1905 945 1984 acceptare,
961 1899 1152 1984 approbare,
1168 1897 1331 1964 ratificare
1347 1903 1378 1964 et
1394 1919 1456 1961 ccu-

340 2005 478 2089 firmars,
495 2012 595 2090 atque
612 2014 679 2074 tam
696 2029 755 2074 nos
780 2009 840 2092 ipsi
858 2007 1040 2092 observare,
1065 2030 1163 2092 quam
1178 2029 1237 2092 per
1262 2005 1343 2072 alios
1358 2025 1457 2071 omnes

340 2134 476 2198 quorum
492 2115 630 2182 interest
646 2115 813 2182 observari
828 2115 937 2182 facere
948 2117 1165 2201 dignaremur.
1176 2111 1323 2200 Quorum
1339 2113 1458 2200 quidem

340 2223 554 2290 articulorum
570 2227 663 2290 tenor
679 2223 756 2288 talis
772 2229 830 2288 est.

448 2327 1196 2417 Articulidominorumprocerum
1220 2335 1459 2416 magnatum

341 2447 384 2506 et
407 2441 630 2508 nobilium
664 2447 1037 2526 coeterorumque
1071 2445 1271 2506 statuum
1296 2437 1460 2505 etordi·

340 2571 435 2614 num
468 2551 604 2618 trium
636 2552 867 2618 nationum
904 2551 1033 2634 regni
1071 2548 1459 2634 Transsylvaniaa

340 2659 384 2724 in
407 2659 613 2742 generali
637 2681 783 2726 sorum
809 2665 1034 2725 conventu
1057 2658 1108 2726 ab
1142 2657 1458 2724 illustrissimo

341 2765 517 2833 domino
541 2767 716 2836 domino
741 2767 1030 2852 Sigismundo
1055 2766 1254 2834 Rakoczi
1278 2767 1346 2832 dei
1380 2785 1459 2849 gru·

341 2876 407 2940 tia
447 2876 655 2962 principe
689 2875 1075 2963 Transsylvaniae
1107 2875 1305 2961 partium
1344 2873 1461 2958 regui

342 2983 605 3069 Hungarias
643 2987 817 3052 domino
842 2991 884 3051 et
924 2985 1179 3054 Siculorum
1212 2984 1374 3050 comite
1405 2983 1460 3046 eis
1534 3039 1536 3074 p

342 3091 1460 3177 sddecimumdiemcurrentismensisJunijsuno
1534 3077 1536 3158 l

342 3202 1459 3288 millesimosexcentesimoseptimoincivitatem
1534 3245 1536 3274 ὲ

344 3307 565 3376 Goloswar
589 3311 765 3377 indicto
790 3310 1006 3395 conclusj.
1535 3297 1536 3374 ζ

450 3415 501 3502 (1)
517 3417 615 3504 Hogy
631 3421 725 3505 ennyi
742 3420 800 3486 soli
815 3420 1028 3485 veszedelmss
1043 3417 1230 3485 vsltozssok
1246 3421 1335 3501 utin,
1350 3415 1460 3482 kilbsu
1535 3433 1536 3462 1

343 3527 532 3613 egyuelrtny
557 3530 781 3596 esztendtlrtttl
807 3528 902 3614 fogva
917 3528 1050 3595 kulomb
1066 3526 1264 3594 ksrllimbfele
1281 3526 1461 3608 ellenseges

343 3638 525 3718 nemzetstg
540 3637 638 3703 misit
652 3637 776 3722 sorgott
792 3637 927 3722 hazaulr,
959 3659 994 3703 ez
1011 3636 1149 3702 mostani
1166 3633 1460 3720 tszvsgyulesmrket
1535 3707 1536 3712 ἵ

343 3743 585 3829 uagystgoddsl
610 3745 821 3831 egyetemben
845 3768 882 3812 sz
898 3747 1021 3812 tristen
1048 3767 1082 3810 eu
1097 3745 1194 3810 lieres
1208 3742 1262 3809 ido
1278 3743 1364 3809 alatt
1378 3740 1462 3806 belre-

343 3855 463 3939 ssgben
480 3854 616 3938 engedte
641 3855 776 3940 erniink,
800 3878 885 3940 nagy
910 3854 1047 3920 haltlrat
1071 3851 1180 3920 adunk
1196 3853 1214 3918 ὅ
1231 3856 1322 3917 szent
1339 3849 1461 3932 felsegt*

343 3965 415 4048 noli,
430 3965 659 4049 lilinyiirtgvsn
683 3986 772 4048 anon,
797 3963 883 4048 hogy
899 3961 1003 4028 enneli
1029 3965 1152 4027 uttnua
1167 3963 1195 4026 is
1211 3963 1230 4026 o
1247 3967 1338 4026 ssent
1354 3957 1462 4039 felsige

344 4076 396 4159 oly
413 4073 594 4140 oltalmunlr
619 4073 742 4159 ltgyem
761 4073 846 4157 hogy
862 4070 1054 4138 haztnlrban
1070 4070 1246 4151 bekessges
1260 4066 1418 4134 lnksisunlr
1432 4065 1461 4127 is

343 4181 564 4249 maradasunk
578 4179 733 4264 lehessen,
758 4180 895 4266 sztlljon
920 4183 1010 4244 ssent
1026 4177 1140 4244 aldtsa
1155 4175 1264 4259 retuli,
1282 4177 1316 4241 es
1329 4171 1460 4262 jovinus

343 4289 483 4357 idltkben
507 4291 535 4355 is
561 4289 620 4356 soli
645 4287 736 4354 effele
761 4287 988 4373 gyttlelrczettt
1012 4283 1173 4370 eugsdjt'rn
1197 4282 1349 4366 ktzti‘mk,
1376 4283 1409 4345 ss
1431 4297 1461 4341 sc

343 4399 482 4464 montani
507 4397 720 4483 gylilesiinlret
744 4396 772 4461 is
798 4398 816 4460 s
843 4397 932 4460 szent
956 4391 1075 4476 felsege
1101 4390 1254 4475 suantelje
1278 4411 1361 4472 meg.
1379 4385 1460 4467 Mely

346 4507 588 4594 gyulestlnlrben
613 4529 650 4572 uz
674 4503 861 4592 nagysagod
884 4501 1042 4568 ktzinkbe
1066 4499 1198 4566 kuldots
1221 4491 1458 4582 propositioibtl

343 4613 565 4698 megertlitttllr
589 4637 626 4683 au
651 4613 838 4701 nagysagod
861 4611 963 4678 retnk
978 4611 1051 4677 valo
1075 4609 1257 4696 kegyelmes
1273 4601 1460 4691 gondvisele-

345 4729 403 4815 sit,
420 4745 493 4795 nem
518 4725 595 4797 csak
620 4747 656 4796 az
681 4724 774 4796 kolso
791 4721 949 4816 dulgokrs
964 4721 1036 4794 valo
1061 4717 1283 4813 vigyaztsbam
1299 4715 1412 4784 hanam
1426 4731 1458 4780 ss
