<?xml version="1.0" encoding="UTF-8"?>
<!DOCTYPE html PUBLIC "-//W3C//DTD XHTML 1.0 Transitional//EN"
    "http://www.w3.org/TR/xhtml1/DTD/xhtml1-transitional.dtd">
<html xmlns="http://www.w3.org/1999/xhtml" xml:lang="en" lang="en">
 <head>
  <title>
</title>
<meta http-equiv="Content-Type" content="text/html;charset=utf-8" />
  <meta name='ocr-system' content='tesseract 3.04.00' />
  <meta name='ocr-capabilities' content='ocr_page ocr_carea ocr_par ocr_line ocrx_word'/>
</head>
<body>
  <div class='ocr_page' id='page_1' title='image "./monumentahungar14bizogoog/monumentahungar14bizogoog_0113.png"; bbox 0 0 3062 5414; ppageno 0'>
   <div class='ocr_carea' id='block_1_1' title="bbox 516 501 1186 566">
    <p class='ocr_par' dir='ltr' id='par_1_1' title="bbox 516 501 1186 566">
     <span class='ocr_line' id='line_1_1' title="bbox 516 501 1186 566; baseline 0.003 -4"><span class='ocrx_word' id='word_1_1' title='bbox 516 509 610 566; x_wconf 81' lang='grc'><strong>1601.</strong></span> <span class='ocrx_word' id='word_1_2' title='bbox 627 527 688 562; x_wconf 82' lang='grc' dir='ltr'>οιτ.</span> <span class='ocrx_word' id='word_1_3' title='bbox 706 509 735 566; x_wconf 83' lang='grc'>5.</span> <span class='ocrx_word' id='word_1_4' title='bbox 1126 501 1186 564; x_wconf 87' lang='grc'>101</span> 
     </span>
    </p>
   </div>
   <div class='ocr_carea' id='block_1_2' title="bbox 1 680 1190 4778">
    <p class='ocr_par' dir='ltr' id='par_1_2' title="bbox 1 680 1190 4648">
     <span class='ocr_line' id='line_1_2' title="bbox 70 680 1190 765; baseline -0.001 -20"><span class='ocrx_word' id='word_1_5' title='bbox 70 684 184 746; x_wconf 80' lang='lat' dir='ltr'>restrae</span> <span class='ocrx_word' id='word_1_6' title='bbox 215 681 383 746; x_wconf 86' lang='lat' dir='ltr'>serenitati</span> <span class='ocrx_word' id='word_1_7' title='bbox 416 688 450 744; x_wconf 90' lang='lat' dir='ltr'>et</span> <span class='ocrx_word' id='word_1_8' title='bbox 489 680 556 744; x_wconf 92' lang='lat' dir='ltr'>illis</span> <span class='ocrx_word' id='word_1_9' title='bbox 597 703 636 744; x_wconf 85' lang='lat' dir='ltr'>ex</span> <span class='ocrx_word' id='word_1_10' title='bbox 668 682 837 765; x_wconf 81' lang='lat' dir='ltr'>ipsiusmet</span> <span class='ocrx_word' id='word_1_11' title='bbox 878 681 977 746; x_wconf 89' lang='lat' dir='ltr'>solius</span> <span class='ocrx_word' id='word_1_12' title='bbox 1017 680 1190 746; x_wconf 90' lang='lat' dir='ltr'>obstinatis</span> 
     </span>
     <span class='ocr_line' id='line_1_3' title="bbox 70 787 1185 874; baseline 0 -20"><span class='ocrx_word' id='word_1_13' title='bbox 70 791 202 874; x_wconf 90' lang='lat' dir='ltr'>consilijs</span> <span class='ocrx_word' id='word_1_14' title='bbox 217 788 366 874; x_wconf 87' lang='lat' dir='ltr'>proiecta</span> <span class='ocrx_word' id='word_1_15' title='bbox 391 811 460 855; x_wconf 89' lang='lat' dir='ltr'>esse</span> <span class='ocrx_word' id='word_1_16' title='bbox 484 811 589 874; x_wconf 88' lang='lat' dir='ltr'>neque</span> <span class='ocrx_word' id='word_1_17' title='bbox 614 791 772 855; x_wconf 79' lang='lat' dir='ltr'>serenitas</span> <span class='ocrx_word' id='word_1_18' title='bbox 796 795 905 854; x_wconf 84' lang='lat' dir='ltr'>restra</span> <span class='ocrx_word' id='word_1_19' title='bbox 930 787 1103 855; x_wconf 79' lang='lat' dir='ltr'><strong>dubitabit.</strong></span> <span class='ocrx_word' id='word_1_20' title='bbox 1121 789 1185 854; x_wconf 90' lang='lat' dir='ltr'>Ne·</span> 
     </span>
     <span class='ocr_line' id='line_1_4' title="bbox 68 895 1186 982; baseline -0.002 -19"><span class='ocrx_word' id='word_1_21' title='bbox 68 920 123 981; x_wconf 90' lang='lat' dir='ltr'>que</span> <span class='ocrx_word' id='word_1_22' title='bbox 140 921 224 964; x_wconf 89' lang='lat' dir='ltr'>nuno</span> <span class='ocrx_word' id='word_1_23' title='bbox 239 898 367 981; x_wconf 78' lang='lat' dir='ltr'><strong>desunt,</strong></span> <span class='ocrx_word' id='word_1_24' title='bbox 393 899 449 982; x_wconf 89' lang='lat' dir='ltr'>qui</span> <span class='ocrx_word' id='word_1_25' title='bbox 474 899 509 962; x_wconf 90' lang='lat' dir='ltr'>in</span> <span class='ocrx_word' id='word_1_26' title='bbox 536 897 587 962; x_wconf 89' lang='lat' dir='ltr'>his</span> <span class='ocrx_word' id='word_1_27' title='bbox 612 898 711 962; x_wconf 90' lang='lat' dir='ltr'>etiam</span> <span class='ocrx_word' id='word_1_28' title='bbox 736 899 922 963; x_wconf 89' lang='lat' dir='ltr'>serenitatis</span> <span class='ocrx_word' id='word_1_29' title='bbox 947 903 1073 963; x_wconf 85' lang='lat' dir='ltr'>restrae</span> <span class='ocrx_word' id='word_1_30' title='bbox 1088 895 1186 962; x_wconf 76' lang='lat' dir='ltr'>intor-</span> 
     </span>
     <span class='ocr_line' id='line_1_5' title="bbox 67 1003 1188 1091; baseline 0.001 -22"><span class='ocrx_word' id='word_1_31' title='bbox 67 1008 156 1091; x_wconf 89' lang='lat' dir='ltr'>tuuijs</span> <span class='ocrx_word' id='word_1_32' title='bbox 176 1007 384 1072; x_wconf 88' lang='lat' dir='ltr'>nihilominus</span> <span class='ocrx_word' id='word_1_33' title='bbox 415 1006 664 1089; x_wconf 78' lang='lat' dir='ltr'><strong>compatiantur.</strong></span> <span class='ocrx_word' id='word_1_34' title='bbox 688 1003 846 1070; x_wconf 86' lang='lat' dir='ltr'>Nonnulli</span> <span class='ocrx_word' id='word_1_35' title='bbox 863 1006 948 1070; x_wconf 92' lang='lat' dir='ltr'>enim</span> <span class='ocrx_word' id='word_1_36' title='bbox 964 1007 1084 1089; x_wconf 91' lang='lat' dir='ltr'>partim</span> <span class='ocrx_word' id='word_1_37' title='bbox 1100 1005 1188 1070; x_wconf 88' lang='lat' dir='ltr'>iuue-</span> 
     </span>
     <span class='ocr_line' id='line_1_6' title="bbox 67 1113 1189 1198; baseline 0.002 -22"><span class='ocrx_word' id='word_1_38' title='bbox 67 1114 131 1178; x_wconf 82' lang='lat' dir='ltr'>nilis</span> <span class='ocrx_word' id='word_1_39' title='bbox 160 1115 280 1198; x_wconf 84' lang='lat' dir='ltr'>iugenij</span> <span class='ocrx_word' id='word_1_40' title='bbox 314 1114 505 1196; x_wconf 81' lang='lat' dir='ltr'>mobilitate,</span> <span class='ocrx_word' id='word_1_41' title='bbox 539 1113 659 1198; x_wconf 91' lang='lat' dir='ltr'>partim</span> <span class='ocrx_word' id='word_1_42' title='bbox 685 1114 930 1198; x_wconf 82' lang='lat' dir='ltr'>provincialium</span> <span class='ocrx_word' id='word_1_43' title='bbox 968 1115 1189 1180; x_wconf 88' lang='lat' dir='ltr'>inconstantia</span> 
     </span>
     <span class='ocr_line' id='line_1_7' title="bbox 66 1221 1187 1306; baseline 0.002 -22"><span class='ocrx_word' id='word_1_44' title='bbox 66 1229 93 1285; x_wconf 90' lang='lat' dir='ltr'>et</span> <span class='ocrx_word' id='word_1_45' title='bbox 115 1223 302 1305; x_wconf 87' lang='lat' dir='ltr'>urgentibus</span> <span class='ocrx_word' id='word_1_46' title='bbox 326 1223 434 1287; x_wconf 89' lang='lat' dir='ltr'>nescio</span> <span class='ocrx_word' id='word_1_47' title='bbox 460 1221 577 1306; x_wconf 93' lang='lat' dir='ltr'>quibus</span> <span class='ocrx_word' id='word_1_48' title='bbox 602 1222 861 1302; x_wconf 86' lang='lat' dir='ltr'>necessitatibus,</span> <span class='ocrx_word' id='word_1_49' title='bbox 878 1243 961 1304; x_wconf 91' lang='lat' dir='ltr'>quae</span> <span class='ocrx_word' id='word_1_50' title='bbox 978 1222 1187 1288; x_wconf 76' lang='lat' dir='ltr'>serenitatem</span> 
     </span>
     <span class='ocr_line' id='line_1_8' title="bbox 64 1327 1185 1414; baseline 0.002 -22"><span class='ocrx_word' id='word_1_51' title='bbox 64 1339 194 1396; x_wconf 72' lang='lat' dir='ltr'>vestram</span> <span class='ocrx_word' id='word_1_52' title='bbox 218 1333 254 1396; x_wconf 94' lang='lat' dir='ltr'>in</span> <span class='ocrx_word' id='word_1_53' title='bbox 279 1337 330 1396; x_wconf 91' lang='lat' dir='ltr'>tot</span> <span class='ocrx_word' id='word_1_54' title='bbox 346 1329 487 1396; x_wconf 89' lang='lat' dir='ltr'>absurda</span> <span class='ocrx_word' id='word_1_55' title='bbox 504 1331 720 1412; x_wconf 88' lang='lat' dir='ltr'>coniecerunt,</span> <span class='ocrx_word' id='word_1_56' title='bbox 747 1329 881 1395; x_wconf 87' lang='lat' dir='ltr'>honeste</span> <span class='ocrx_word' id='word_1_57' title='bbox 907 1337 1071 1396; x_wconf 80' lang='lat' dir='ltr'>excusant</span> <span class='ocrx_word' id='word_1_58' title='bbox 1098 1327 1185 1414; x_wconf 82' lang='lat' dir='ltr'>Quin</span> 
     </span>
     <span class='ocr_line' id='line_1_9' title="bbox 65 1437 1185 1521; baseline 0.002 -19"><span class='ocrx_word' id='word_1_59' title='bbox 65 1441 153 1504; x_wconf 87' lang='lat' dir='ltr'>etiam</span> <span class='ocrx_word' id='word_1_60' title='bbox 164 1463 223 1506; x_wconf 87' lang='lat' dir='ltr'>sua</span> <span class='ocrx_word' id='word_1_61' title='bbox 233 1439 401 1509; x_wconf 84' lang='lat' dir='ltr'>Maiestas.</span> <span class='ocrx_word' id='word_1_62' title='bbox 412 1461 485 1504; x_wconf 90' lang='lat' dir='ltr'>oum</span> <span class='ocrx_word' id='word_1_63' title='bbox 501 1440 593 1521; x_wconf 87' lang='lat' dir='ltr'>signa</span> <span class='ocrx_word' id='word_1_64' title='bbox 608 1439 764 1504; x_wconf 80' lang='lat' dir='ltr'>victoriae</span> <span class='ocrx_word' id='word_1_65' title='bbox 780 1438 813 1502; x_wconf 94' lang='lat' dir='ltr'>iu</span> <span class='ocrx_word' id='word_1_66' title='bbox 829 1443 1005 1521; x_wconf 88' lang='lat' dir='ltr'>conspectu</span> <span class='ocrx_word' id='word_1_67' title='bbox 1021 1439 1089 1504; x_wconf 91' lang='lat' dir='ltr'>eius</span> <span class='ocrx_word' id='word_1_68' title='bbox 1105 1437 1185 1504; x_wconf 88' lang='lat' dir='ltr'>Pra-</span> 
     </span>
     <span class='ocr_line' id='line_1_10' title="bbox 64 1546 1185 1632; baseline -0.001 -21"><span class='ocrx_word' id='word_1_69' title='bbox 64 1569 116 1628; x_wconf 84' lang='lat' dir='ltr'>gee</span> <span class='ocrx_word' id='word_1_70' title='bbox 135 1549 263 1614; x_wconf 86' lang='lat' dir='ltr'>sublata</span> <span class='ocrx_word' id='word_1_71' title='bbox 279 1571 383 1632; x_wconf 91' lang='lat' dir='ltr'>nuper</span> <span class='ocrx_word' id='word_1_72' title='bbox 407 1548 554 1628; x_wconf 84' lang='lat' dir='ltr'>luissent,</span> <span class='ocrx_word' id='word_1_73' title='bbox 578 1548 664 1612; x_wconf 90' lang='lat' dir='ltr'>iuter</span> <span class='ocrx_word' id='word_1_74' title='bbox 680 1547 772 1630; x_wconf 87' lang='lat' dir='ltr'>sigua</span> <span class='ocrx_word' id='word_1_75' title='bbox 788 1546 946 1625; x_wconf 79' lang='lat' dir='ltr'>laeticiae,</span> <span class='ocrx_word' id='word_1_76' title='bbox 963 1548 1061 1611; x_wconf 88' lang='lat' dir='ltr'>etiam</span> <span class='ocrx_word' id='word_1_77' title='bbox 1077 1553 1185 1630; x_wconf 85' lang='lat' dir='ltr'>pater-</span> 
     </span>
     <span class='ocr_line' id='line_1_11' title="bbox 63 1654 1185 1742; baseline 0.002 -23"><span class='ocrx_word' id='word_1_78' title='bbox 63 1677 116 1720; x_wconf 88' lang='lat' dir='ltr'>nae</span> <span class='ocrx_word' id='word_1_79' title='bbox 139 1657 368 1742; x_wconf 84' lang='lat' dir='ltr'>compassionis</span> <span class='ocrx_word' id='word_1_80' title='bbox 392 1655 480 1721; x_wconf 89' lang='lat' dir='ltr'>haud</span> <span class='ocrx_word' id='word_1_81' title='bbox 499 1657 586 1720; x_wconf 87' lang='lat' dir='ltr'>leuia</span> <span class='ocrx_word' id='word_1_82' title='bbox 605 1655 726 1720; x_wconf 87' lang='lat' dir='ltr'>dicitur</span> <span class='ocrx_word' id='word_1_83' title='bbox 741 1654 880 1719; x_wconf 81' lang='lat' dir='ltr'>edidisse</span> <span class='ocrx_word' id='word_1_84' title='bbox 897 1661 1097 1737; x_wconf 86' lang='lat' dir='ltr'>argumenta</span> <span class='ocrx_word' id='word_1_85' title='bbox 1131 1655 1185 1720; x_wconf 92' lang='lat' dir='ltr'>In·</span> 
     </span>
     <span class='ocr_line' id='line_1_12' title="bbox 64 1763 1187 1850; baseline 0.002 -22"><span class='ocrx_word' id='word_1_86' title='bbox 64 1767 170 1830; x_wconf 86' lang='lat' dir='ltr'>stituta</span> <span class='ocrx_word' id='word_1_87' title='bbox 194 1773 367 1850; x_wconf 89' lang='lat' dir='ltr'>praeterea</span> <span class='ocrx_word' id='word_1_88' title='bbox 386 1765 447 1830; x_wconf 86' lang='lat' dir='ltr'>fuit</span> <span class='ocrx_word' id='word_1_89' title='bbox 464 1765 514 1828; x_wconf 90' lang='lat' dir='ltr'>his</span> <span class='ocrx_word' id='word_1_90' title='bbox 530 1764 643 1829; x_wconf 87' lang='lat' dir='ltr'>diebus</span> <span class='ocrx_word' id='word_1_91' title='bbox 659 1763 813 1828; x_wconf 86' lang='lat' dir='ltr'>mandato</span> <span class='ocrx_word' id='word_1_92' title='bbox 841 1765 981 1828; x_wconf 86' lang='lat' dir='ltr'>caesaris</span> <span class='ocrx_word' id='word_1_93' title='bbox 998 1765 1074 1829; x_wconf 88' lang='lat' dir='ltr'>talis</span> <span class='ocrx_word' id='word_1_94' title='bbox 1091 1786 1187 1848; x_wconf 87' lang='lat' dir='ltr'>quae·</span> 
     </span>
     <span class='ocr_line' id='line_1_13' title="bbox 62 1869 1186 1955; baseline 0.001 -19"><span class='ocrx_word' id='word_1_95' title='bbox 62 1874 102 1938; x_wconf 88' lang='lat' dir='ltr'>tio</span> <span class='ocrx_word' id='word_1_96' title='bbox 125 1897 232 1940; x_wconf 87' lang='lat' dir='ltr'>coram</span> <span class='ocrx_word' id='word_1_97' title='bbox 257 1872 358 1938; x_wconf 88' lang='lat' dir='ltr'>nobis.</span> <span class='ocrx_word' id='word_1_98' title='bbox 384 1869 458 1955; x_wconf 82' lang='lat' dir='ltr'>Qua</span> <span class='ocrx_word' id='word_1_99' title='bbox 482 1875 608 1938; x_wconf 90' lang='lat' dir='ltr'>ratione</span> <span class='ocrx_word' id='word_1_100' title='bbox 632 1871 859 1938; x_wconf 81' lang='lat' dir='ltr'>Transilrania</span> <span class='ocrx_word' id='word_1_101' title='bbox 875 1871 1049 1955; x_wconf 83' lang='lat' dir='ltr'>gubernari</span> <span class='ocrx_word' id='word_1_102' title='bbox 1065 1879 1137 1937; x_wconf 88' lang='lat' dir='ltr'>tute</span> <span class='ocrx_word' id='word_1_103' title='bbox 1153 1881 1186 1938; x_wconf 91' lang='lat' dir='ltr'>et</span> 
     </span>
     <span class='ocr_line' id='line_1_14' title="bbox 62 1981 1186 2069; baseline 0.002 -23"><span class='ocrx_word' id='word_1_104' title='bbox 62 1986 237 2050; x_wconf 85' lang='lat' dir='ltr'>conseruari</span> <span class='ocrx_word' id='word_1_105' title='bbox 247 1986 360 2069; x_wconf 82' lang='lat' dir='ltr'>possit</span> <span class='ocrx_word' id='word_1_106' title='bbox 377 1985 469 2049; x_wconf 88' lang='lat' dir='ltr'>Inter</span> <span class='ocrx_word' id='word_1_107' title='bbox 485 1985 566 2048; x_wconf 90' lang='lat' dir='ltr'>alios</span> <span class='ocrx_word' id='word_1_108' title='bbox 582 1983 694 2048; x_wconf 91' lang='lat' dir='ltr'>modos</span> <span class='ocrx_word' id='word_1_109' title='bbox 710 1981 763 2047; x_wconf 91' lang='lat' dir='ltr'>hio</span> <span class='ocrx_word' id='word_1_110' title='bbox 780 2005 800 2046; x_wconf 90' lang='lat' dir='ltr'>a</span> <span class='ocrx_word' id='word_1_111' title='bbox 816 1981 909 2047; x_wconf 92' lang='lat' dir='ltr'>uobis</span> <span class='ocrx_word' id='word_1_112' title='bbox 926 2003 988 2047; x_wconf 90' lang='lat' dir='ltr'>non</span> <span class='ocrx_word' id='word_1_113' title='bbox 1004 1987 1186 2066; x_wconf 87' lang='lat' dir='ltr'>postremus</span> 
     </span>
     <span class='ocr_line' id='line_1_15' title="bbox 61 2089 1184 2176; baseline 0 -20"><span class='ocrx_word' id='word_1_114' title='bbox 61 2092 189 2158; x_wconf 89' lang='lat' dir='ltr'>dominis</span> <span class='ocrx_word' id='word_1_115' title='bbox 198 2093 394 2176; x_wconf 87' lang='lat' dir='ltr'>oonsiliarijs</span> <span class='ocrx_word' id='word_1_116' title='bbox 405 2093 588 2174; x_wconf 91' lang='lat' dir='ltr'>propositus</span> <span class='ocrx_word' id='word_1_117' title='bbox 598 2089 668 2155; x_wconf 86' lang='lat' dir='ltr'>luit.</span> <span class='ocrx_word' id='word_1_118' title='bbox 685 2089 902 2154; x_wconf 86' lang='lat' dir='ltr'>Serenitatem</span> <span class='ocrx_word' id='word_1_119' title='bbox 918 2096 1057 2154; x_wconf 80' lang='lat' dir='ltr'>rostram</span> <span class='ocrx_word' id='word_1_120' title='bbox 1075 2091 1184 2156; x_wconf 86' lang='lat' dir='ltr'>adhue</span> 
     </span>
     <span class='ocr_line' id='line_1_16' title="bbox 61 2195 1186 2285; baseline -0.001 -21"><span class='ocrx_word' id='word_1_121' title='bbox 61 2223 95 2264; x_wconf 84' lang='lat' dir='ltr'>ex</span> <span class='ocrx_word' id='word_1_122' title='bbox 119 2200 279 2285; x_wconf 84' lang='lat' dir='ltr'>prioribus</span> <span class='ocrx_word' id='word_1_123' title='bbox 304 2201 370 2265; x_wconf 89' lang='lat' dir='ltr'>illis</span> <span class='ocrx_word' id='word_1_124' title='bbox 386 2201 491 2284; x_wconf 88' lang='lat' dir='ltr'>pactis</span> <span class='ocrx_word' id='word_1_125' title='bbox 507 2221 565 2283; x_wconf 93' lang='lat' dir='ltr'>pro</span> <span class='ocrx_word' id='word_1_126' title='bbox 582 2205 658 2262; x_wconf 91' lang='lat' dir='ltr'>uoto</span> <span class='ocrx_word' id='word_1_127' title='bbox 676 2221 738 2262; x_wconf 89' lang='lat' dir='ltr'>nou</span> <span class='ocrx_word' id='word_1_128' title='bbox 755 2199 903 2271; x_wconf 84' lang='lat' dir='ltr'>seruatis,</span> <span class='ocrx_word' id='word_1_129' title='bbox 920 2197 1025 2262; x_wconf 89' lang='lat' dir='ltr'>adhue</span> <span class='ocrx_word' id='word_1_130' title='bbox 1042 2195 1186 2263; x_wconf 79' lang='lat' dir='ltr'>Transil·</span> 
     </span>
     <span class='ocr_line' id='line_1_17' title="bbox 61 2305 1185 2390; baseline -0.001 -19"><span class='ocrx_word' id='word_1_131' title='bbox 61 2312 163 2375; x_wconf 80' lang='lat' dir='ltr'>reniae</span> <span class='ocrx_word' id='word_1_132' title='bbox 188 2309 444 2376; x_wconf 88' lang='lat' dir='ltr'>iurisdictionem</span> <span class='ocrx_word' id='word_1_133' title='bbox 469 2315 536 2372; x_wconf 89' lang='lat' dir='ltr'>tam</span> <span class='ocrx_word' id='word_1_134' title='bbox 563 2307 618 2372; x_wconf 92' lang='lat' dir='ltr'>diu</span> <span class='ocrx_word' id='word_1_135' title='bbox 638 2306 860 2390; x_wconf 85' lang='lat' dir='ltr'>praetendere,</span> <span class='ocrx_word' id='word_1_136' title='bbox 877 2305 978 2370; x_wconf 90' lang='lat' dir='ltr'>donec</span> <span class='ocrx_word' id='word_1_137' title='bbox 994 2306 1041 2369; x_wconf 94' lang='lat' dir='ltr'>illi</span> <span class='ocrx_word' id='word_1_138' title='bbox 1059 2306 1185 2388; x_wconf 88' lang='lat' dir='ltr'>aliquo·</span> 
     </span>
     <span class='ocr_line' id='line_1_18' title="bbox 61 2413 1184 2499; baseline -0.003 -16"><span class='ocrx_word' id='word_1_139' title='bbox 61 2419 145 2484; x_wconf 91' lang='lat' dir='ltr'>modo</span> <span class='ocrx_word' id='word_1_140' title='bbox 170 2417 320 2484; x_wconf 86' lang='lat' dir='ltr'>satisfiat.</span> <span class='ocrx_word' id='word_1_141' title='bbox 345 2416 431 2483; x_wconf 87' lang='lat' dir='ltr'>Nem</span> <span class='ocrx_word' id='word_1_142' title='bbox 457 2419 517 2482; x_wconf 90' lang='lat' dir='ltr'>etsi</span> <span class='ocrx_word' id='word_1_143' title='bbox 545 2415 753 2499; x_wconf 81' lang='lat' dir='ltr'>Sigismundo</span> <span class='ocrx_word' id='word_1_144' title='bbox 778 2417 842 2482; x_wconf 86' lang='lat' dir='ltr'>iem</span> <span class='ocrx_word' id='word_1_145' title='bbox 869 2415 979 2479; x_wconf 86' lang='lat' dir='ltr'>deesse</span> <span class='ocrx_word' id='word_1_146' title='bbox 995 2413 1184 2480; x_wconf 85' lang='lat' dir='ltr'>laoultatem</span> 
     </span>
     <span class='ocr_line' id='line_1_19' title="bbox 60 2523 1183 2609; baseline -0.003 -19"><span class='ocrx_word' id='word_1_147' title='bbox 60 2529 177 2592; x_wconf 87' lang='lat' dir='ltr'>nouiter</span> <span class='ocrx_word' id='word_1_148' title='bbox 202 2525 508 2592; x_wconf 88' lang='lat' dir='ltr'>conscribendorum</span> <span class='ocrx_word' id='word_1_149' title='bbox 534 2525 682 2605; x_wconf 88' lang='lat' dir='ltr'>militum,</span> <span class='ocrx_word' id='word_1_150' title='bbox 702 2525 881 2609; x_wconf 87' lang='lat' dir='ltr'>viriumque</span> <span class='ocrx_word' id='word_1_151' title='bbox 898 2523 1183 2588; x_wconf 83' lang='lat' dir='ltr'>restaurandarum</span> 
     </span>
     <span class='ocr_line' id='line_1_20' title="bbox 60 2633 1185 2719; baseline -0.002 -21"><span class='ocrx_word' id='word_1_152' title='bbox 60 2659 140 2719; x_wconf 88' lang='lat' dir='ltr'>spem</span> <span class='ocrx_word' id='word_1_153' title='bbox 150 2636 323 2716; x_wconf 82' lang='lat' dir='ltr'>rideamus,</span> <span class='ocrx_word' id='word_1_154' title='bbox 333 2657 397 2698; x_wconf 90' lang='lat' dir='ltr'>nou</span> <span class='ocrx_word' id='word_1_155' title='bbox 412 2641 521 2700; x_wconf 90' lang='lat' dir='ltr'>tamen</span> <span class='ocrx_word' id='word_1_156' title='bbox 537 2633 647 2698; x_wconf 80' lang='lat' dir='ltr'>deesse</span> <span class='ocrx_word' id='word_1_157' title='bbox 664 2634 826 2716; x_wconf 86' lang='lat' dir='ltr'>ingenium</span> <span class='ocrx_word' id='word_1_158' title='bbox 843 2633 952 2698; x_wconf 83' lang='lat' dir='ltr'>adres</span> <span class='ocrx_word' id='word_1_159' title='bbox 968 2653 1078 2716; x_wconf 89' lang='lat' dir='ltr'>nouas,</span> <span class='ocrx_word' id='word_1_160' title='bbox 1093 2653 1185 2717; x_wconf 88' lang='lat' dir='ltr'>prae·</span> 
     </span>
     <span class='ocr_line' id='line_1_21' title="bbox 61 2740 1184 2824; baseline 0 -20"><span class='ocrx_word' id='word_1_161' title='bbox 61 2746 162 2809; x_wconf 87' lang='lat' dir='ltr'>sertim</span> <span class='ocrx_word' id='word_1_162' title='bbox 182 2766 262 2810; x_wconf 90' lang='lat' dir='ltr'>uero</span> <span class='ocrx_word' id='word_1_163' title='bbox 279 2741 427 2807; x_wconf 91' lang='lat' dir='ltr'>hostibus</span> <span class='ocrx_word' id='word_1_164' title='bbox 444 2740 623 2806; x_wconf 83' lang='lat' dir='ltr'>Christiani</span> <span class='ocrx_word' id='word_1_165' title='bbox 641 2741 778 2805; x_wconf 88' lang='lat' dir='ltr'>nominis</span> <span class='ocrx_word' id='word_1_166' title='bbox 803 2747 923 2824; x_wconf 84' lang='lat' dir='ltr'>gratas,</span> <span class='ocrx_word' id='word_1_167' title='bbox 940 2741 1082 2806; x_wconf 89' lang='lat' dir='ltr'>uicissim</span> <span class='ocrx_word' id='word_1_168' title='bbox 1099 2741 1184 2806; x_wconf 86' lang='lat' dir='ltr'>exol-</span> 
     </span>
     <span class='ocr_line' id='line_1_22' title="bbox 61 2849 1184 2934; baseline -0.003 -17"><span class='ocrx_word' id='word_1_169' title='bbox 61 2853 166 2917; x_wconf 86' lang='lat' dir='ltr'>taudas</span> <span class='ocrx_word' id='word_1_170' title='bbox 176 2853 333 2932; x_wconf 77' lang='lat' dir='ltr'>sciamus3</span> <span class='ocrx_word' id='word_1_171' title='bbox 350 2871 433 2934; x_wconf 89' lang='lat' dir='ltr'>quae</span> <span class='ocrx_word' id='word_1_172' title='bbox 445 2849 504 2914; x_wconf 86' lang='lat' dir='ltr'>etsi</span> <span class='ocrx_word' id='word_1_173' title='bbox 516 2871 592 2914; x_wconf 88' lang='lat' dir='ltr'>suae</span> <span class='ocrx_word' id='word_1_174' title='bbox 609 2851 777 2915; x_wconf 88' lang='lat' dir='ltr'>serenitati</span> <span class='ocrx_word' id='word_1_175' title='bbox 789 2871 902 2933; x_wconf 88' lang='lat' dir='ltr'>parum</span> <span class='ocrx_word' id='word_1_176' title='bbox 914 2855 971 2914; x_wconf 77' lang='lat' dir='ltr'>erit</span> <span class='ocrx_word' id='word_1_177' title='bbox 981 2849 1071 2932; x_wconf 90' lang='lat' dir='ltr'>nihil,</span> <span class='ocrx_word' id='word_1_178' title='bbox 1087 2849 1184 2914; x_wconf 89' lang='lat' dir='ltr'>rebus</span> 
     </span>
     <span class='ocr_line' id='line_1_23' title="bbox 62 2955 1186 3040; baseline 0 -18"><span class='ocrx_word' id='word_1_179' title='bbox 62 2965 158 3024; x_wconf 86' lang='lat' dir='ltr'>tumen</span> <span class='ocrx_word' id='word_1_180' title='bbox 183 2957 433 3022; x_wconf 82' lang='lat' dir='ltr'>christianorum</span> <span class='ocrx_word' id='word_1_181' title='bbox 459 2957 632 3040; x_wconf 90' lang='lat' dir='ltr'>plurimum</span> <span class='ocrx_word' id='word_1_182' title='bbox 658 2955 770 3021; x_wconf 85' lang='lat' dir='ltr'>obesse</span> <span class='ocrx_word' id='word_1_183' title='bbox 795 2963 934 3039; x_wconf 90' lang='lat' dir='ltr'>possent.</span> <span class='ocrx_word' id='word_1_184' title='bbox 966 2955 1092 3022; x_wconf 92' lang='lat' dir='ltr'>Deoere</span> <span class='ocrx_word' id='word_1_185' title='bbox 1108 2979 1186 3040; x_wconf 92' lang='lat' dir='ltr'>quo·</span> 
     </span>
     <span class='ocr_line' id='line_1_24' title="bbox 1 3063 1185 3148; baseline -0.004 -14"><span class='ocrx_word' id='word_1_186' title='bbox 1 3093 2 3134; x_wconf 78' lang='lat'>1</span> <span class='ocrx_word' id='word_1_187' title='bbox 61 3089 115 3148; x_wconf 84' lang='lat' dir='ltr'>que</span> <span class='ocrx_word' id='word_1_188' title='bbox 139 3063 336 3131; x_wconf 82' lang='lat' dir='ltr'>Austriaoae</span> <span class='ocrx_word' id='word_1_189' title='bbox 362 3063 475 3128; x_wconf 90' lang='lat' dir='ltr'>domus</span> <span class='ocrx_word' id='word_1_190' title='bbox 501 3065 704 3128; x_wconf 86' lang='lat' dir='ltr'>elementiam</span> <span class='ocrx_word' id='word_1_191' title='bbox 731 3065 829 3128; x_wconf 87' lang='lat' dir='ltr'>etiam</span> <span class='ocrx_word' id='word_1_192' title='bbox 847 3087 968 3130; x_wconf 91' lang='lat' dir='ltr'>summe</span> <span class='ocrx_word' id='word_1_193' title='bbox 984 3071 1136 3131; x_wconf 87' lang='lat' dir='ltr'>nocentes</span> <span class='ocrx_word' id='word_1_194' title='bbox 1152 3065 1185 3130; x_wconf 91' lang='lat' dir='ltr'>in</span> 
     </span>
     <span class='ocr_line' id='line_1_25' title="bbox 1 3174 1181 3259; baseline -0.003 -19"><span class='ocrx_word' id='word_1_195' title='bbox 1 3201 2 3204; x_wconf 44' lang='lat'>¹</span> <span class='ocrx_word' id='word_1_196' title='bbox 60 3177 189 3255; x_wconf 82' lang='lat' dir='ltr'>gratiam</span> <span class='ocrx_word' id='word_1_197' title='bbox 215 3175 369 3259; x_wconf 86' lang='lat' dir='ltr'>recipere,</span> <span class='ocrx_word' id='word_1_198' title='bbox 385 3195 580 3238; x_wconf 87' lang='lat' dir='ltr'>summorum</span> <span class='ocrx_word' id='word_1_199' title='bbox 598 3195 725 3256; x_wconf 88' lang='lat' dir='ltr'>quoque</span> <span class='ocrx_word' id='word_1_200' title='bbox 743 3174 984 3256; x_wconf 86' lang='lat' dir='ltr'>imperatorum,</span> <span class='ocrx_word' id='word_1_201' title='bbox 1001 3179 1034 3238; x_wconf 90' lang='lat' dir='ltr'>et</span> <span class='ocrx_word' id='word_1_202' title='bbox 1051 3174 1181 3257; x_wconf 88' lang='lat' dir='ltr'>quidem</span> 
     </span>
     <span class='ocr_line' id='line_1_26' title="bbox 1 3278 1184 3367; baseline 0.003 -23"><span class='ocrx_word' id='word_1_203' title='bbox 1 3317 2 3344; x_wconf 84' lang='grc'>;</span> <span class='ocrx_word' id='word_1_204' title='bbox 61 3283 232 3364; x_wconf 77' lang='lat' dir='ltr'>gentilium,</span> <span class='ocrx_word' id='word_1_205' title='bbox 257 3283 312 3367; x_wconf 93' lang='lat' dir='ltr'>qui</span> <span class='ocrx_word' id='word_1_206' title='bbox 338 3282 473 3346; x_wconf 90' lang='lat' dir='ltr'>iniurias</span> <span class='ocrx_word' id='word_1_207' title='bbox 494 3278 671 3345; x_wconf 83' lang='lat' dir='ltr'>ferentibus</span> <span class='ocrx_word' id='word_1_208' title='bbox 688 3279 916 3346; x_wconf 86' lang='lat' dir='ltr'>beneficiorum</span> <span class='ocrx_word' id='word_1_209' title='bbox 933 3283 1022 3366; x_wconf 91' lang='lat' dir='ltr'>prius</span> <span class='ocrx_word' id='word_1_210' title='bbox 1038 3289 1184 3366; x_wconf 86' lang='lat' dir='ltr'>aceeptu-</span> 
     </span>
     <span class='ocr_line' id='line_1_27' title="bbox 1 3389 1185 3474; baseline -0.003 -18"><span class='ocrx_word' id='word_1_211' title='bbox 1 3401 2 3470; x_wconf 59' lang='grc' dir='ltr'>ζ</span> <span class='ocrx_word' id='word_1_212' title='bbox 61 3413 299 3471; x_wconf 88' lang='lat' dir='ltr'>mmmemores,</span> <span class='ocrx_word' id='word_1_213' title='bbox 309 3390 406 3456; x_wconf 82' lang='lat' dir='ltr'>facile</span> <span class='ocrx_word' id='word_1_214' title='bbox 415 3397 640 3473; x_wconf 89' lang='lat' dir='ltr'>pepercerunt,</span> <span class='ocrx_word' id='word_1_215' title='bbox 652 3391 800 3474; x_wconf 82' lang='lat' dir='ltr'>exempla</span> <span class='ocrx_word' id='word_1_216' title='bbox 810 3412 873 3454; x_wconf 89' lang='lat' dir='ltr'>non</span> <span class='ocrx_word' id='word_1_217' title='bbox 890 3389 1008 3454; x_wconf 86' lang='lat' dir='ltr'>deesse.</span> <span class='ocrx_word' id='word_1_218' title='bbox 1025 3389 1101 3455; x_wconf 89' lang='lat' dir='ltr'>Non</span> <span class='ocrx_word' id='word_1_219' title='bbox 1117 3411 1185 3454; x_wconf 86' lang='lat' dir='ltr'>csse</span> 
     </span>
     <span class='ocr_line' id='line_1_28' title="bbox 61 3499 1185 3582; baseline 0.002 -20"><span class='ocrx_word' id='word_1_220' title='bbox 61 3499 131 3562; x_wconf 88' lang='lat' dir='ltr'>item</span> <span class='ocrx_word' id='word_1_221' title='bbox 162 3521 283 3566; x_wconf 89' lang='lat' dir='ltr'>nouum</span> <span class='ocrx_word' id='word_1_222' title='bbox 313 3499 402 3582; x_wconf 89' lang='lat' dir='ltr'>apud</span> <span class='ocrx_word' id='word_1_223' title='bbox 432 3499 655 3581; x_wconf 87' lang='lat' dir='ltr'>imperatores,</span> <span class='ocrx_word' id='word_1_224' title='bbox 679 3503 811 3582; x_wconf 88' lang='lat' dir='ltr'>praeter</span> <span class='ocrx_word' id='word_1_225' title='bbox 836 3499 977 3564; x_wconf 91' lang='lat' dir='ltr'>omnium</span> <span class='ocrx_word' id='word_1_226' title='bbox 1003 3499 1185 3581; x_wconf 90' lang='lat' dir='ltr'>opinionem</span> 
     </span>
     <span class='ocr_line' id='line_1_29' title="bbox 61 3605 1185 3691; baseline 0.003 -23"><span class='ocrx_word' id='word_1_227' title='bbox 61 3609 150 3672; x_wconf 85' lang='lat' dir='ltr'>etiam</span> <span class='ocrx_word' id='word_1_228' title='bbox 175 3609 342 3674; x_wconf 84' lang='lat' dir='ltr'>acerrimis</span> <span class='ocrx_word' id='word_1_229' title='bbox 359 3605 514 3688; x_wconf 89' lang='lat' dir='ltr'>hostibus,</span> <span class='ocrx_word' id='word_1_230' title='bbox 534 3629 605 3672; x_wconf 88' lang='lat' dir='ltr'>oum</span> <span class='ocrx_word' id='word_1_231' title='bbox 623 3607 664 3672; x_wconf 90' lang='lat' dir='ltr'>ad</span> <span class='ocrx_word' id='word_1_232' title='bbox 680 3607 922 3691; x_wconf 89' lang='lat' dir='ltr'>poenitudinem</span> <span class='ocrx_word' id='word_1_233' title='bbox 939 3608 1084 3671; x_wconf 86' lang='lat' dir='ltr'>conuersi</span> <span class='ocrx_word' id='word_1_234' title='bbox 1102 3611 1185 3690; x_wconf 91' lang='lat' dir='ltr'>sunt,</span> 
     </span>
     <span class='ocr_line' id='line_1_30' title="bbox 61 3715 1183 3798; baseline 0 -18"><span class='ocrx_word' id='word_1_235' title='bbox 61 3719 192 3790; x_wconf 84' lang='lat' dir='ltr'>gratiam</span> <span class='ocrx_word' id='word_1_236' title='bbox 209 3715 392 3782; x_wconf 83' lang='lat' dir='ltr'>contulisse.</span> <span class='ocrx_word' id='word_1_237' title='bbox 409 3715 563 3782; x_wconf 88' lang='lat' dir='ltr'>Vestram</span> <span class='ocrx_word' id='word_1_238' title='bbox 583 3721 691 3780; x_wconf 89' lang='lat' dir='ltr'>autem</span> <span class='ocrx_word' id='word_1_239' title='bbox 712 3717 930 3798; x_wconf 89' lang='lat' dir='ltr'>serenitatem,</span> <span class='ocrx_word' id='word_1_240' title='bbox 948 3737 1031 3798; x_wconf 88' lang='lat' dir='ltr'>qnae</span> <span class='ocrx_word' id='word_1_241' title='bbox 1049 3715 1109 3778; x_wconf 87' lang='lat' dir='ltr'>etsi</span> <span class='ocrx_word' id='word_1_242' title='bbox 1126 3715 1183 3780; x_wconf 90' lang='lat' dir='ltr'>ali·</span> 
     </span>
     <span class='ocr_line' id='line_1_31' title="bbox 60 3825 1183 3908; baseline 0.002 -22"><span class='ocrx_word' id='word_1_243' title='bbox 60 3828 176 3906; x_wconf 90' lang='lat' dir='ltr'>quoties</span> <span class='ocrx_word' id='word_1_244' title='bbox 201 3825 364 3891; x_wconf 90' lang='lat' dir='ltr'>maiestati</span> <span class='ocrx_word' id='word_1_245' title='bbox 388 3825 616 3908; x_wconf 87' lang='lat' dir='ltr'>imperatoriae</span> <span class='ocrx_word' id='word_1_246' title='bbox 648 3831 762 3890; x_wconf 87' lang='lat' dir='ltr'>contra</span> <span class='ocrx_word' id='word_1_247' title='bbox 789 3827 931 3890; x_wconf 91' lang='lat' dir='ltr'>omnium</span> <span class='ocrx_word' id='word_1_248' title='bbox 948 3825 1093 3907; x_wconf 90' lang='lat' dir='ltr'>gentium</span> <span class='ocrx_word' id='word_1_249' title='bbox 1108 3825 1183 3888; x_wconf 89' lang='lat' dir='ltr'>iure</span> 
     </span>
     <span class='ocr_line' id='line_1_32' title="bbox 1 3931 1183 4017; baseline 0.003 -23"><span class='ocrx_word' id='word_1_250' title='bbox 1 3993 2 4013; x_wconf 66' lang='lat'>,</span> <span class='ocrx_word' id='word_1_251' title='bbox 61 3931 229 4016; x_wconf 84' lang='lat' dir='ltr'>insegniter</span> <span class='ocrx_word' id='word_1_252' title='bbox 254 3933 454 4017; x_wconf 87' lang='lat' dir='ltr'>imposuerit,</span> <span class='ocrx_word' id='word_1_253' title='bbox 480 3933 642 4014; x_wconf 85' lang='lat' dir='ltr'>egregiam</span> <span class='ocrx_word' id='word_1_254' title='bbox 668 3933 809 3998; x_wconf 81' lang='lat' dir='ltr'>uicissim</span> <span class='ocrx_word' id='word_1_255' title='bbox 835 3933 868 3997; x_wconf 90' lang='lat' dir='ltr'>in</span> <span class='ocrx_word' id='word_1_256' title='bbox 893 3933 986 3996; x_wconf 90' lang='lat' dir='ltr'>initio</span> <span class='ocrx_word' id='word_1_257' title='bbox 1003 3953 1134 4015; x_wconf 89' lang='lat' dir='ltr'>operam</span> <span class='ocrx_word' id='word_1_258' title='bbox 1150 3934 1183 3998; x_wconf 90' lang='lat' dir='ltr'>in</span> 
     </span>
     <span class='ocr_line' id='line_1_33' title="bbox 1 4039 1183 4125; baseline 0.003 -24"><span class='ocrx_word' id='word_1_259' title='bbox 1 4069 2 4074; x_wconf 15' lang='grc' dir='ltr'><strong>κ</strong></span> <span class='ocrx_word' id='word_1_260' title='bbox 61 4041 248 4125; x_wconf 87' lang='lat' dir='ltr'>reipuplicae</span> <span class='ocrx_word' id='word_1_261' title='bbox 275 4040 471 4106; x_wconf 83' lang='lat' dir='ltr'>christianae</span> <span class='ocrx_word' id='word_1_262' title='bbox 488 4041 626 4106; x_wconf 89' lang='lat' dir='ltr'>sulutem</span> <span class='ocrx_word' id='word_1_263' title='bbox 652 4047 767 4106; x_wconf 84' lang='lat' dir='ltr'>eontra</span> <span class='ocrx_word' id='word_1_264' title='bbox 794 4039 918 4106; x_wconf 80' lang='lat' dir='ltr'>Turoas</span> <span class='ocrx_word' id='word_1_265' title='bbox 945 4061 1090 4124; x_wconf 88' lang='lat' dir='ltr'>nauasse,</span> <span class='ocrx_word' id='word_1_266' title='bbox 1111 4043 1183 4124; x_wconf 89' lang='lat' dir='ltr'>quis</span> 
     </span>
     <span class='ocr_line' id='line_1_34' title="bbox 1 4147 1184 4240; baseline 0.003 -30"><span class='ocrx_word' id='word_1_267' title='bbox 1 4168 2 4171; x_wconf 45' lang='lat'>¹</span> <span class='ocrx_word' id='word_1_268' title='bbox 61 4169 118 4214; x_wconf 89' lang='lat' dir='ltr'>uon</span> <span class='ocrx_word' id='word_1_269' title='bbox 139 4147 246 4215; x_wconf 74' lang='lat' dir='ltr'>vidit?</span> <span class='ocrx_word' id='word_1_270' title='bbox 272 4149 315 4214; x_wconf 91' lang='lat' dir='ltr'>sit</span> <span class='ocrx_word' id='word_1_271' title='bbox 339 4147 484 4214; x_wconf 90' lang='lat' dir='ltr'>Miohael</span> <span class='ocrx_word' id='word_1_272' title='bbox 500 4148 638 4214; x_wconf 88' lang='lat' dir='ltr'>vaiuoda</span> <span class='ocrx_word' id='word_1_273' title='bbox 654 4148 748 4214; x_wconf 92' lang='lat' dir='ltr'>homo</span> <span class='ocrx_word' id='word_1_274' title='bbox 773 4148 915 4234; x_wconf 90' lang='lat' dir='ltr'>perfidus</span> <span class='ocrx_word' id='word_1_275' title='bbox 940 4155 973 4214; x_wconf 90' lang='lat' dir='ltr'>et</span> <span class='ocrx_word' id='word_1_276' title='bbox 988 4150 1184 4240; x_wconf 70' lang='lat' dir='ltr'>inconstans,</span> 
     </span>
     <span class='ocr_line' id='line_1_35' title="bbox 61 4257 1182 4343; baseline 0.003 -24"><span class='ocrx_word' id='word_1_277' title='bbox 61 4257 207 4340; x_wconf 85' lang='lat' dir='ltr'>exemplo,</span> <span class='ocrx_word' id='word_1_278' title='bbox 233 4257 289 4340; x_wconf 87' lang='lat' dir='ltr'>qui</span> <span class='ocrx_word' id='word_1_279' title='bbox 314 4257 481 4339; x_wconf 81' lang='lat' dir='ltr'>provincia</span> <span class='ocrx_word' id='word_1_280' title='bbox 505 4278 564 4340; x_wconf 88' lang='lat' dir='ltr'>pro</span> <span class='ocrx_word' id='word_1_281' title='bbox 585 4279 618 4322; x_wconf 90' lang='lat' dir='ltr'>se</span> <span class='ocrx_word' id='word_1_282' title='bbox 636 4257 665 4322; x_wconf 88' lang='lat' dir='ltr'>vi</span> <span class='ocrx_word' id='word_1_283' title='bbox 682 4264 849 4343; x_wconf 88' lang='lat' dir='ltr'>occupate,</span> <span class='ocrx_word' id='word_1_284' title='bbox 865 4257 964 4323; x_wconf 92' lang='lat' dir='ltr'>armis</span> <span class='ocrx_word' id='word_1_285' title='bbox 981 4263 1095 4322; x_wconf 88' lang='lat' dir='ltr'>eontra</span> <span class='ocrx_word' id='word_1_286' title='bbox 1112 4279 1182 4322; x_wconf 91' lang='lat' dir='ltr'>oae-</span> 
     </span>
     <span class='ocr_line' id='line_1_36' title="bbox 60 4363 1182 4450; baseline 0.001 -21.95"><span class='ocrx_word' id='word_1_287' title='bbox 60 4366 133 4429; x_wconf 88' lang='lat' dir='ltr'>taris</span> <span class='ocrx_word' id='word_1_288' title='bbox 157 4366 267 4448; x_wconf 88' lang='lat' dir='ltr'>copias</span> <span class='ocrx_word' id='word_1_289' title='bbox 288 4363 422 4448; x_wconf 85' lang='lat' dir='ltr'>eduotie,</span> <span class='ocrx_word' id='word_1_290' title='bbox 444 4364 485 4430; x_wconf 87' lang='lat' dir='ltr'>ab</span> <span class='ocrx_word' id='word_1_291' title='bbox 502 4365 652 4430; x_wconf 89' lang='lat' dir='ltr'>omuibus</span> <span class='ocrx_word' id='word_1_292' title='bbox 668 4365 824 4450; x_wconf 87' lang='lat' dir='ltr'>desertus,</span> <span class='ocrx_word' id='word_1_293' title='bbox 855 4367 888 4430; x_wconf 90' lang='lat' dir='ltr'>iu</span> <span class='ocrx_word' id='word_1_294' title='bbox 905 4371 1067 4431; x_wconf 86' lang='lat' dir='ltr'>extremus</span> <span class='ocrx_word' id='word_1_295' title='bbox 1083 4388 1182 4446; x_wconf 86' lang='lat' dir='ltr'>augu-</span> 
     </span>
     <span class='ocr_line' id='line_1_37' title="bbox 1 4471 1183 4560; baseline 0.007 -27"><span class='ocrx_word' id='word_1_296' title='bbox 1 4553 2 4560; x_wconf 6' lang='grc' dir='ltr'>ἵ</span> <span class='ocrx_word' id='word_1_297' title='bbox 60 4471 131 4536; x_wconf 84' lang='lat' dir='ltr'>stiae</span> <span class='ocrx_word' id='word_1_298' title='bbox 140 4472 284 4554; x_wconf 87' lang='lat' dir='ltr'>adactus,</span> <span class='ocrx_word' id='word_1_299' title='bbox 294 4494 358 4538; x_wconf 90' lang='lat' dir='ltr'>non</span> <span class='ocrx_word' id='word_1_300' title='bbox 375 4479 502 4538; x_wconf 89' lang='lat' dir='ltr'>tantum</span> <span class='ocrx_word' id='word_1_301' title='bbox 517 4475 657 4556; x_wconf 84' lang='lat' dir='ltr'>gratiam</span> <span class='ocrx_word' id='word_1_302' title='bbox 674 4473 761 4558; x_wconf 88' lang='lat' dir='ltr'>apud</span> <span class='ocrx_word' id='word_1_303' title='bbox 777 4497 867 4540; x_wconf 87' lang='lat' dir='ltr'>suam</span> <span class='ocrx_word' id='word_1_304' title='bbox 883 4473 1093 4539; x_wconf 89' lang='lat' dir='ltr'>Maiestatem</span> <span class='ocrx_word' id='word_1_305' title='bbox 1110 4497 1183 4540; x_wconf 88' lang='lat' dir='ltr'>eon·</span> 
     </span>
     <span class='ocr_line' id='line_1_38' title="bbox 1 4579 1181 4648; baseline 0.004 -6"><span class='ocrx_word' id='word_1_306' title='bbox 1 4620 2 4624; x_wconf 56' lang='lat'><em>=</em></span> <span class='ocrx_word' id='word_1_307' title='bbox 60 4587 180 4647; x_wconf 90' lang='lat' dir='ltr'>secutus</span> <span class='ocrx_word' id='word_1_308' title='bbox 204 4587 261 4648; x_wconf 85' lang='lat' dir='ltr'>est</span> <span class='ocrx_word' id='word_1_309' title='bbox 279 4579 346 4647; x_wconf 89' lang='lat' dir='ltr'>Sed</span> <span class='ocrx_word' id='word_1_310' title='bbox 370 4579 690 4648; x_wconf 87' lang='lat' dir='ltr'>honorificentissime</span> <span class='ocrx_word' id='word_1_311' title='bbox 715 4588 875 4647; x_wconf 89' lang='lat' dir='ltr'>tractatus</span> <span class='ocrx_word' id='word_1_312' title='bbox 895 4589 928 4648; x_wconf 88' lang='lat' dir='ltr'>et</span> <span class='ocrx_word' id='word_1_313' title='bbox 944 4583 1094 4648; x_wconf 90' lang='lat' dir='ltr'>dimissus</span> <span class='ocrx_word' id='word_1_314' title='bbox 1111 4582 1181 4648; x_wconf 89' lang='lat' dir='ltr'>suit.</span> 
     </span>
    </p>

    <p class='ocr_par' dir='ltr' id='par_1_3' title="bbox 60 4684 1182 4778">
     <span class='ocr_line' id='line_1_39' title="bbox 60 4684 1182 4778; baseline 0.002 -23"><span class='ocrx_word' id='word_1_315' title='bbox 60 4684 208 4772; x_wconf 81' lang='lat' dir='ltr'>Quamuis</span> <span class='ocrx_word' id='word_1_316' title='bbox 232 4689 437 4778; x_wconf 88' lang='lat' dir='ltr'>postmodum</span> <span class='ocrx_word' id='word_1_317' title='bbox 453 4691 626 4757; x_wconf 88' lang='lat' dir='ltr'>simulatae</span> <span class='ocrx_word' id='word_1_318' title='bbox 642 4689 774 4776; x_wconf 84' lang='lat' dir='ltr'>fraudis,</span> <span class='ocrx_word' id='word_1_319' title='bbox 791 4692 923 4756; x_wconf 90' lang='lat' dir='ltr'>meritas</span> <span class='ocrx_word' id='word_1_320' title='bbox 939 4691 1037 4756; x_wconf 88' lang='lat' dir='ltr'>luerit</span> <span class='ocrx_word' id='word_1_321' title='bbox 1052 4713 1182 4778; x_wconf 87' lang='lat' dir='ltr'>poenas.</span> 
     </span>
    </p>
   </div>
   <div class='ocr_carea' id='block_1_3' title="bbox 0 0 1536 5414">
    <p class='ocr_par' dir='ltr' id='par_1_4' title="bbox 0 0 1536 5414">
     <span class='ocr_line' id='line_1_40' title="bbox 0 0 1536 5414; baseline 0 3"><span class='ocrx_word' id='word_1_322' title='bbox 0 0 1536 5414; x_wconf 95' lang='lat' dir='ltr'> </span> 
     </span>
    </p>
   </div>
  </div>
 </body>
</html>
