3042 5404
509 509 600 564 1603.
615 511 729 564 rusum.
1118 503 1178 566 191

1 726 2 735 t
55 679 195 762 inprimis
213 679 256 743 ab
287 679 484 763 imperatore
507 677 688 744 'linearum
712 678 807 744 nobis
831 677 1012 744 iniunctum
1027 679 1099 746 fuit
1114 680 1180 746 De·

54 785 122 850 inde
147 789 276 852 verosi
301 785 427 852 duobus
452 788 553 854 totius
578 785 667 852 orbis
682 784 937 869 imperatoribus
953 807 1041 852 more
1056 787 1179 872 ingenii

55 895 107 977 sui,
121 917 208 960 nunc
232 895 304 976 hoc,
319 916 405 961 nunc
429 894 513 961 illud
537 897 705 980 persvasit,
731 901 765 962 et
788 917 809 960 a
824 893 960 961 Polonis
975 893 1063 980 quod
1077 895 1182 962 voluit

56 1003 148 1067 ctiam
173 1003 324 1084 obtinuit,
349 1003 453 1069 multo
478 1004 582 1088 magis
606 1003 669 1070 boc
693 1003 832 1088 principi
857 1024 897 1068 ac
913 1000 1042 1069 domino
1059 1009 1180 1086 nostro,

56 1111 107 1192 qni
128 1131 218 1176 more
233 1112 341 1194 gentis
356 1117 488 1178 nostrae
503 1113 682 1197 simplicior
697 1111 764 1176 illis
781 1116 838 1192 cst,
854 1109 1047 1195 perevadere
1063 1113 1180 1196 potuit

55 1213 115 1282 Sed
128 1217 164 1282 in
179 1224 346 1302 posterum
360 1219 442 1286 nihil
467 1240 502 1285 ss
529 1225 732 1286 tentaturum
756 1217 951 1304 hujusmodi,
976 1217 1125 1288 dominus
1142 1241 1181 1286 ac

56 1325 198 1410 pn'nceps
213 1327 422 1394 nosterbona
440 1325 504 1392 fide
519 1327 702 1412 pollicetur.

55 1631 216 1698 Ultima
248 1635 493 1720 responsio
527 1631 696 1698 domini
731 1633 964 1718 generalis
997 1655 1073 1719 per
1105 1656 1180 1700 ma·

55 1739 236 1822 gnificos
260 1742 479 1809 dominum
504 1739 799 1808 Pancratium
824 1739 1017 1826 Senniey
1042 1749 1085 1808 et
1116 1741 1180 1808 do·

184 1850 344 1916 minum
369 1849 691 1916 Balthasarem
717 1847 1041 1916 Bornemissza

155 1974 400 2042 Illustrissimus
409 1977 572 2060 generalis
581 1975 730 2042 dominus
747 1997 820 2042 cum
837 1997 877 2041 ex
893 1975 1013 2042 litteris
1029 1977 1179 2042 illustris·

58 2082 124 2147 sinii
146 2081 267 2150 domini
291 2083 447 2170 rajvcdae
473 2081 498 2150 J
501 2084 649 2167 eremias,
664 2089 735 2150 tum
760 2106 800 2150 ex
824 2083 930 2150 verbis
949 2084 1179 2151 dominationis

57 2197 171 2258 vestras
187 2193 351 2259 intellexit
366 2193 437 2278 ejus
452 2193 662 2276 voluntatem,
679 2198 713 2258 et
727 2193 754 2258 si
771 2215 819 2276 ea,
835 2191 953 2277 quibus
968 2191 1056 2258 ultro
1071 2213 1107 2258 se
1122 2191 1178 2258 ob-

58 2298 135 2381 tulit,
157 2301 314 2368 inviolata
337 2301 522 2383 servaverit,
547 2307 581 2367 et
595 2301 744 2386 inprimis
756 2302 993 2368 sacratissimae
1009 2321 1178 2368 samareae

58 2407 209 2491 majestati
233 2407 365 2474 fidelem
389 2410 557 2474 novaverit
581 2429 722 2494 operam,
747 2413 781 2474 et
804 2413 950 2474 mutuam
976 2429 1048 2474 cum
1064 2409 1179 2474 vicinis

58 2515 223 2595 prouinciis
247 2515 366 2582 foverit
389 2516 658 2598 benevolentiam,
675 2517 725 2582 uti
740 2516 846 2601 ipsum
863 2515 1028 2583 domiuum
1045 2537 1177 2600 genera-

58 2620 115 2686 lem
137 2625 377 2708 intellexerunt,
394 2625 632 2690 sacratissimae
650 2646 820 2692 caesareae
836 2625 1016 2710 majestatis
1032 2625 1177 2709 benigni·

58 2734 148 2794 tatem
172 2737 205 2796 et
236 2731 443 2798 clementiam
469 2731 757 2814 commendantem,
782 2733 830 2798 ita
854 2732 1019 2798 dominum
1044 2753 1174 2818 quoque

59 2839 228 2917 generalem
245 2861 311 2904 uon
328 2837 488 2922 dubitent,
505 2845 539 2904 et
554 2839 676 2904 vicinas
692 2859 769 2906 suae
785 2839 967 2924 majestatis
982 2839 1173 2924 provincias,

59 2941 297 3012 illustrissimam
328 2945 580 3013 dominationem
612 2967 704 3012 suam
736 2947 823 3013 omni
849 2946 1075 3012 benevolentia
1100 2967 1174 3012 con·

60 3049 145 3131 plecti
155 3053 246 3119 velle.
264 3049 360 3136 Quod
379 3051 549 3120 utfirmius
559 3074 598 3120 ac
608 3055 728 3120 certius
739 3056 928 3139 essepossit,
944 3053 1020 3120 huic
1035 3053 1174 3120 fortasse

59 3167 176 3227 mutuae
195 3162 410 3228 transactioni
444 3167 695 3228 consentaneum
712 3161 882 3244 videbitur,
898 3162 1040 3246 aliquam
1057 3161 1097 3228 de
1114 3161 1175 3228 hac

1 3359 2 3362 Ἴ
59 3286 88 3330 re
108 3269 382 3354 consignationem
398 3273 511 3334 mutuo
528 3267 600 3334 dari
615 3268 743 3336 debere.

248 3447 420 3514 Ultima
442 3449 685 3532 responsio
708 3449 973 3534 legatorum.

150 3571 370 3658 Quaecunque
394 3595 415 3639 a
440 3571 534 3640 nobis
559 3575 689 3640 nomine
705 3575 861 3660 principis
877 3597 916 3642 ac
931 3575 1053 3642 domini
1069 3577 1173 3642 nostri

59 3675 134 3746 dicta
150 3687 232 3765 sunt,
244 3681 335 3766 justa
351 3681 514 3746 existimet
530 3681 768 3749 illustrissimus
784 3682 932 3750 dominus
948 3683 1119 3768 generalis,
1135 3705 1174 3750 ao

59 3783 80 3847 si
87 3785 251 3869 ipsummet
265 3785 289 3852 J
293 3787 447 3854 eremium
464 3787 625 3854 dicentem
641 3789 779 3872 audiret,
795 3811 870 3856 nam
887 3791 996 3856 omnia
1012 3790 1129 3876 quibus
1139 3813 1172 3856 se

59 3891 189 3978 alligavit
204 3903 237 3962 et
251 3896 322 3980 ipse
337 3895 533 3978 observabit,
559 3901 592 3960 et
607 3917 666 3981 per
691 3918 766 3964 suos
790 3895 954 3963 observari
979 3897 1087 3980 faciet,
1111 3919 1173 3964 nec

1 4034 2 4040 κ
58 4019 123 4065 suae
137 4001 296 4087 majestati
313 4003 365 4068 vel
381 4002 451 4088 ejus
467 4002 614 4087 imperio,
639 4003 763 4070 directe
794 4005 848 4070 uel
872 4005 1030 4071 indirecte
1054 4026 1172 4072 nocero

1 4181 2 4192 χ
59 4107 192 4192 studebit,
217 4111 294 4194 quin
310 4110 376 4176 imo
392 4109 419 4176 si
435 4109 576 4177 hostium
593 4131 670 4178 suae
686 4109 867 4198 majestatis
886 4111 1020 4180 hostiles
1037 4119 1172 4181 conatus

1 4215 2 4218 ’
58 4211 245 4302 intellemrit
261 4218 296 4284 id
312 4240 329 4284 e
345 4219 492 4302 vestigio,
508 4219 559 4284 vel
575 4219 638 4303 ipsi
653 4218 784 4286 domino
801 4222 945 4304 generali
962 4221 1012 4287 vel
1029 4223 1171 4306 cuipiam

1 4401 2 4406 ἵ
59 4339 91 4384 ex
104 4324 170 4408 suis,
184 4345 244 4411 per
259 4345 356 4410 quem
371 4324 414 4390 ad
431 4325 547 4392 scitum
562 4326 665 4411 ipsius
680 4326 831 4393 devenire
847 4330 958 4414 possit,
974 4330 1107 4414 aperiet.
1117 4327 1171 4394 De

59 4431 157 4510 quibus
179 4441 215 4500 ut
239 4433 460 4499 illustrissima
486 4433 664 4502 dominatio
690 4457 748 4500 sua
765 4437 886 4502 certior
902 4437 953 4520 sit,
969 4437 1112 4522 aliquem
1128 4435 1171 4502 ad

58 4539 217 4626 principem
241 4563 281 4608 ac
306 4541 472 4608 domiuum
491 4549 639 4608 nostrum
655 4541 810 4627 expediat
824 4543 995 4628 homiuem,
1016 4545 1070 4629 qui
1088 4545 1170 4610 haec

60 4645 154 4715 eadem
169 4670 207 4714 ex
222 4649 281 4716 illo
297 4646 419 4716 audiat
451 4645 741 4736 Oonsiguatiouem
756 4655 864 4718 autem
881 4657 917 4716 ut
935 4650 1046 4718 demus
1062 4651 1096 4718 in
1113 4673 1169 4720 uo·
