3042 5404
327 487 390 548 172
693 497 811 544 snnhuur
828 498 1080 547 onszloortrrdrssrr.

321 671 481 728 erexerat.
498 661 594 746 Quod
619 669 733 746 postea
749 669 882 729 eventus
908 663 954 727 rei
975 665 1211 748 comprobauit.
1229 663 1313 728 Nam
1327 686 1377 746 per
1390 686 1428 728 oa·

324 773 453 854 lugeros
478 773 684 838 consiliorum
711 777 836 838 secreta
860 771 1051 854 cardinalis,
1079 779 1110 837 et
1137 795 1236 856 quam
1253 773 1430 854 negligenter

324 902 375 946 res
391 903 465 946 suas
481 881 567 945 idem
592 879 768 945 cardinalia
783 881 817 944 in
842 880 1028 964 principatu
1055 886 1174 964 ageret,
1191 879 1330 963 edoctus,
1342 881 1430 946 inean-

324 995 393 1054 tum
411 995 444 1054 et
459 990 657 1072 imparatum
673 988 834 1052 hominem
855 986 1000 1052 Michael
1016 988 1143 1054 invasit.

430 1097 603 1162 Michaelis
619 1096 773 1162 vaivodae
788 1096 883 1177 bona,
900 1117 941 1160 an
958 1094 1131 1162 heredibus
1146 1095 1256 1182 ipsius,
1272 1095 1325 1180 qui
1340 1099 1430 1159 tanum

324 1227 375 1271 res
391 1205 518 1289 aliquas
543 1205 624 1270 bene
649 1205 756 1288 gessit,
781 1226 840 1288 per
865 1226 956 1268 suam
971 1204 1175 1270 maiestatem
1200 1203 1359 1268 reddenda
1372 1203 1431 1280 aiot

324 1335 383 1379 nee
399 1335 448 1397 ne,
465 1313 515 1378 vel
531 1313 627 1378 alteri
652 1311 815 1394 vaivodae,
841 1312 868 1376 si
883 1311 918 1377 in
934 1310 997 1378 fide
1013 1333 1091 1378 suae
1114 1312 1293 1377 maiestatis
1307 1330 1431 1395 persero

323 1422 452 1504 navent,
469 1420 671 1504 conserenda,
687 1424 754 1484 stat
768 1420 801 1485 in
828 1420 964 1486 arbitrio
981 1441 1059 1485 suae
1074 1420 1262 1486 maiestatis.

430 1527 573 1595 Viduam
590 1526 749 1611 Stephani
766 1525 926 1611 etlilium,
942 1529 1045 1593 sentio
1064 1549 1122 1612 per
1146 1549 1237 1593 suam
1252 1527 1432 1592 maiestatem

323 1659 387 1702 non
403 1643 530 1701 tantum
546 1637 580 1700 in
596 1637 635 1701 iis
650 1635 751 1718 bonis,
769 1657 852 1718 quae
869 1633 1096 1718 Sigismundus
1115 1636 1307 1718 contulerat,
1323 1655 1430 1700 conser-

323 1745 453 1828 vandos,
470 1745 526 1812 sed
535 1745 622 1811 omni
633 1744 858 1810 benevolentia
874 1750 907 1808 et
922 1745 1030 1828 gratia
1044 1744 1296 1830 prosequendos,
1312 1763 1430 1827 qnorum

323 1861 417 1938 pater
442 1875 501 1937 pro
527 1853 631 1918 salute
656 1852 906 1918 christianorum
925 1875 946 1918 a
961 1851 1104 1935 Polonis,
1120 1852 1205 1918 sorte
1221 1853 1255 1918 in
1271 1852 1374 1918 odium
1387 1849 1432 1915 do·

323 1982 395 2026 mus
410 1957 616 2044 Austriaeae,
634 1967 701 2026 tam
719 1961 822 2026 atroci
839 1960 999 2044 supplicio
1015 1958 1150 2026 effeetus
1166 1961 1217 2025 sit

434 2086 578 2172 Reliqua
592 2087 687 2170 bona,
713 2107 797 2171 quae
822 2086 1055 2170 suggeronibns
1074 2109 1094 2152 a
1110 2085 1317 2172 sigismundo
1333 2085 1436 2152 collata

322 2195 462 2280 fuerunt,
487 2197 586 2262 etiam
610 2202 676 2262 stat
691 2197 725 2261 in
750 2196 857 2280 gratia
882 2215 958 2260 suae
974 2194 1169 2261 Maiestatis.
1194 2195 1328 2262 Certum
1344 2199 1435 2260 tamen

322 2305 385 2372 hoe
401 2309 459 2388 est,
474 2305 613 2370 multum
638 2305 793 2370 interesse
818 2303 1019 2388 principibus
1039 2303 1311 2386 Transsilvaniae‚
1327 2309 1359 2368 nt
1375 2322 1436 2366 con·

324 2413 397 2478 silia
412 2410 645 2496 Valaohorum‚
662 2411 718 2495 qui
734 2411 922 2496 frequenter
947 2410 1046 2476 afide
1062 2412 1246 2478 exorbitare
1261 2411 1370 2494 solent
1384 2429 1436 2474 non

323 2523 483 2604 ignorare.

430 2625 497 2691 Illa
513 2627 650 2710 demum,
669 2647 753 2710 quae
778 2625 924 2692 Miehael
949 2629 1052 2694 victor
1077 2629 1219 2694 insolens
1235 2627 1303 2693 suris
1318 2627 1438 2692 donare

324 2739 385 2816 rat,
412 2740 449 2800 ut
473 2740 567 2800 erant
591 2733 776 2800 inordinate
802 2739 835 2800 et
850 2736 1027 2820 illegitime,
1048 2735 1116 2800 sine
1132 2736 1334 2802 authoritate
1349 2741 1438 2800 etan·

323 2843 457 2908 nuentia
473 2865 550 2908 suae
567 2843 747 2909 maiestatis
763 2842 892 2928 donata,
909 2844 957 2909 ita
976 2865 1086 2911 omnes
1102 2865 1213 2911 eorum
1229 2841 1439 2910 donationales

322 2951 554 3018 rescindendae
571 2957 604 3016 et
620 2951 798 3017 cassandae
815 2958 899 3018 sunt

430 3060 465 3128 Si
482 3081 557 3127 vero
574 3067 648 3126 sunt
664 3061 775 3144 aliqui,
791 3061 847 3144 qui
872 3061 932 3126 sub
949 3068 1122 3146 praetextu
1140 3061 1350 3142 constantiae,
1365 3060 1439 3124 bona

321 3173 383 3238 sibi
399 3170 601 3237 restituenda
625 3170 811 3253 sollicitent,
836 3191 900 3235 non
926 3169 1029 3234 deerit
1052 3168 1166 3235 modus
1195 3189 1272 3234 suae
1288 3164 1438 3233 maiestati

320 3281 394 3345 illos
411 3280 506 3344 aliter
522 3275 677 3343 reddendi
695 3281 872 3342 contentos.
883 3273 988 3342 Aroes
999 3278 1097 3342 etiam
1114 3275 1218 3360 aliqui
1233 3273 1440 3359 possidebant

321 3397 358 3454 ut
373 3387 562 3454 Braniehka
577 3407 688 3452 reraus
703 3385 853 3470 Lippam,
870 3387 987 3452 ostium
1014 3385 1107 3469 quasi
1125 3389 1158 3449 et
1174 3384 1274 3450 clavis
1291 3381 1440 3448 Transsil·

319 3498 442 3582 vaniaa
453 3495 607 3580 quaehao
618 3499 812 3577 tempestate
827 3494 1019 3578 praesertim
1036 3496 1106 3558 tute
1122 3493 1195 3558 aliis
1211 3492 1352 3556 externis
1367 3509 1440 3555 oom-

319 3606 406 3674 mitti
421 3604 510 3671 haud
524 3609 667 3690 possunt.

320 3768 381 3834 De
413 3767 536 3834 modo
568 3765 887 3833 instituendae
928 3787 1066 3830 novae
1099 3759 1441 3847 gubernationis

321 3883 363 3942 et
395 3874 716 3960 propagandae
747 3872 993 3957 religionis
1016 3873 1059 3938 in
1093 3867 1441 3936 Transsilvania

428 4019 628 4086 Absolutum
653 4019 794 4104 aliquem
819 4020 999 4104 prinoipem
1033 4018 1207 4102 praecipue
1232 4037 1271 4080 ex
1294 4013 1442 4080 fratribus

321 4148 398 4192 snae
422 4127 603 4192 maiestatis
619 4125 670 4192 his
686 4125 886 4212 temporibus
902 4127 944 4193 ad
961 4127 1030 4192 eius
1046 4125 1230 4210 provinciae
1245 4122 1442 4208 gubernatio

319 4255 402 4318 nem,
433 4233 626 4300 mittendum
657 4257 723 4300 non
755 4235 904 4300 existimo
936 4255 1005 4300 esse
1025 4239 1132 4300 tutum
1164 4238 1197 4297 et
1226 4231 1442 4298 neeessariam

320 4343 432 4410 Primo
458 4344 535 4428 quia
560 4349 692 4410 nonest
716 4344 816 4428 digna
840 4343 899 4409 illa
923 4343 1097 4427 provincia
1113 4345 1150 4406 ut
1166 4339 1285 4423 aliquis
1301 4361 1340 4404 ex
1356 4338 1442 4404 domo

321 4457 461 4533 augurata
485 4453 585 4517 tantis
610 4451 763 4535 perieulis
789 4470 848 4534 pro
874 4451 933 4516 illa
957 4450 1139 4516 obiiciatur.
1156 4447 1307 4513 Invident
1323 4461 1442 4531 quoque

322 4580 400 4624 suae
427 4561 590 4626 maiestati
616 4559 704 4624 haud
728 4559 922 4643 impotentes
946 4559 1076 4642 inimici,
1101 4556 1185 4622 hano
1210 4555 1362 4639 obtigisse
1376 4572 1441 4638 pro

321 4669 539 4752 vincia111‚qui
564 4667 678 4755 procul
703 4665 801 4736 dubio
826 4666 1000 4734 movebunt
1025 4685 1153 4732 omnem
1168 4662 1320 4748 lapidem,
1335 4681 1375 4727 ne
1389 4679 1441 4725 sua
