3062 5414
509 523 604 580 1602.
621 543 686 581 noo.
704 525 755 580 23.

544 785 723 858 XXVHL

504 935 599 998 1602.
615 955 706 1020 ang.
723 937 775 1000 23.

382 1085 408 1140 A
424 1087 538 1156 mayor
551 1087 737 1158 saepeque
752 1089 891 1158 amaya.

173 1219 245 1288 Nos
271 1219 433 1306 Georgius
458 1219 571 1308 Basta,
597 1223 748 1290 dominus
772 1224 807 1290 in
832 1221 917 1308 Sult,
942 1246 1041 1310 eques
1065 1231 1200 1292 auratus

1 1361 2 1364 ¹
76 1349 177 1396 sacrae
201 1353 372 1398 caesareae
397 1334 572 1418 regiaeque
588 1333 769 1400 maiestatis
794 1353 833 1398 ac
857 1331 1093 1418 Hispaniarum
1108 1334 1196 1417 regis

76 1437 218 1504 catholici
248 1440 454 1508 consiliarius
484 1441 631 1524 bellicus,
656 1463 695 1508 ac
720 1439 863 1508 eiusdem
888 1461 1000 1508 sacrae
1024 1461 1196 1508 caesareas

76 1547 239 1632 regiaeque
264 1550 444 1617 maiestatis
469 1551 631 1618 exercitus
649 1555 683 1618 et
706 1551 799 1635 regni
815 1547 1086 1636 Transsylvaniae
1102 1571 1198 1636 gene·

77 1655 147 1721 ralis
164 1659 354 1741 capitaneus
370 1665 431 1726 eto.
446 1659 628 1727 Memoriae
645 1659 906 1728 commendamus
922 1665 1034 1726 tenore
1049 1680 1200 1746 praesen·

1 1775 2 1780 ’
77 1764 150 1830 tium
173 1767 394 1852 significantes
414 1768 534 1854 quibus
559 1767 692 1854 expedit
709 1767 876 1852 uniuersis,
893 1769 981 1852 quod
996 1768 1200 1854 spectabiles,

76 1873 239 1958 magnifici,
264 1877 420 1960 generosi,
445 1898 485 1944 ac
509 1878 629 1964 egregij
655 1875 788 1961 nobiles,
814 1878 1000 1962 caeterique
1030 1881 1136 1944 status
1167 1884 1201 1944 et

78 1981 196 2048 ordines
206 1983 307 2050 trium
323 1987 593 2070 nationumregni
609 1985 864 2069 Transilvaniae,
881 1983 1201 2053 exhibueruntnobis

1 2107 2 2118 ¹
77 2093 106 2151 et
126 2096 416 2174 praesentauemnt
440 2093 598 2178 quosdam
616 2093 857 2180 infrascriptos
873 2095 1090 2178 articulos,in
1105 2116 1200 2181 gene·

76 2197 190 2264 ralibus
221 2221 333 2266 eorum
359 2203 507 2288 ecmitijs,
524 2203 566 2268 ad
591 2204 675 2270 diem
700 2204 897 2287 regesimum
922 2204 1056 2268 tertium
1081 2203 1200 2269 mensis

76 2301 218 2392 Augusti,
243 2311 321 2376 anui
346 2311 467 2378 domiui
491 2311 655 2378 millesimi
679 2313 903 2378 sexcentesimi
935 2311 1076 2396 secundi,
1092 2333 1132 2376 ex
1148 2333 1200 2376 ae·

77 2413 155 2480 dicto
178 2423 292 2485 nostro
316 2419 490 2486 celebratis
516 2421 694 2503 conclusos,
720 2421 940 2506 supplicantes
965 2417 1058 2486 uobis
1082 2419 1200 2485 hnmil-

1 2531 2 2586 1
76 2523 153 2608 lime,
169 2532 207 2592 ut
224 2548 284 2592 nos
300 2528 466 2594 universos
482 2534 516 2594 et
531 2529 676 2612 singulos
692 2528 850 2594 articulos
865 2529 962 2612 ipsos,
978 2527 1150 2611 omniaque
1168 2533 1201 2594 et

1 2691 2 2706 2
77 2633 195 2717 singrrla
219 2636 254 2700 in
271 2635 391 2702 eisdem
407 2641 570 2720 contenta,
589 2643 678 2704 ratos
704 2643 815 2722 gratos
832 2643 866 2704 et
884 2641 1019 2721 accepta
1034 2635 1200 2720 habentes,

1 2755 3 2784 l
77 2747 213 2808 nostrum
237 2745 304 2810 illis
330 2766 520 2812 consensum
545 2745 669 2832 pariter
688 2751 722 2812 et
737 2767 904 2811 assensum
934 2745 1127 2811 beneuolum
1144 2765 1199 2810 au·

1 2837 2 2907 ξ
77 2845 223 2916 thoritate
238 2859 351 2918 nostra
366 2875 386 2918 a
401 2875 494 2920 sacra
510 2875 663 2920 caesarea
677 2853 832 2938 regiaque
856 2853 1026 2918 maiestate
1042 2851 1136 2918 nobis
1152 2857 1201 2917 at·

1 3039 2 3058 ,
76 2957 193 3024 tributa
210 2961 378 3044 praebere,
394 2969 428 3028 et
452 2968 520 3028 tam
536 2985 595 3030 nos
619 2963 682 3047 ipsi
707 2961 887 3044 observare,
913 2981 1010 3044 quam
1035 2981 1095 3044 per
1119 2959 1200 3025 alios

76 3068 245 3151 quospiam,
261 3090 400 3152 quorum
415 3071 560 3154 interest,
576 3071 741 3138 observari
756 3067 864 3136 lacere
880 3067 1096 3152 dignaremur.
1114 3063 1200 3150 Quo·

1 3223 2 3226 ¹
76 3191 140 3238 rum
158 3177 291 3259 quidem
309 3179 523 3246 articulorum
539 3185 634 3247 tenor
649 3181 726 3246 talis
742 3185 809 3244 est:

1 3285 2 3288 ’
175 3281 676 3356 Articulidominorum
700 3288 1039 3373 regnicolarum
1061 3285 1198 3352 trium

77 3393 440 3478 nationumregni
460 3393 815 3462 Transilvaniae
838 3397 882 3462 in
906 3393 1200 3479 generalibus

78 3501 1200 3588 eorumcomitijsMegyiesiniaddiemvigesimum

2 3607 3 3610 ’
77 3607 1197 3696 tertiummensisAugustiaunodominimillesimo

78 3719 604 3787 sexcentisimorecundo
629 3721 1068 3788 unanimiconsensu
1092 3715 1200 3782 eele-

2 3855 3 3858 *
79 3817 216 3891 bratis
240 3827 458 3894 conclusi.

2 4005 3 4008 ,
174 3933 399 4020 Megertettltlr
421 3957 460 4002 az
478 3935 665 4022 nagysagod
695 3937 877 4004 lrozinlrben
903 3935 1034 4002 knldott
1049 3935 1195 4020 proposi·

77 4039 202 4123 titjtbol
211 4044 302 4110 mind
312 4051 373 4128 azt,
383 4047 466 4112 mint
475 4046 643 4131 suamlalja
658 4043 845 4130 nagysagod
861 4043 998 4110 elonlrbe
1013 4065 1051 4110 az
1067 4047 1196 4127 orszag·

77 4145 134 4212 ban
156 4151 213 4216 solr
238 4151 425 4220 valtozasolr
450 4155 546 4220 miatt
570 4155 694 4220 tortent
718 4153 926 4235 romlrisolrat,
943 4151 1032 4218 mind
1047 4152 1145 4236 pedig
1161 4173 1196 4216 er

2 4284 8 4296 =
78 4261 204 4325 moslani
228 4259 406 4345 sztlrseget,
425 4263 459 4326 cs
474 4261 661 4346 nagysagod
677 4261 758 4328 ahor
774 4261 888 4346 kepesl
903 4261 975 4326 valo
993 4261 1193 4342 kivtusagtt.

78 4361 283 4453 Remtnseget
306 4369 350 4436 ad
373 4369 568 4456 nagysagod,
594 4367 677 4454 hogy
702 4371 786 4435 isteu
811 4374 891 4436 ulan
916 4391 952 4434 az
978 4370 1199 4434 viszszavonzts

79 4480 264 4562 egymsegre,
281 4499 318 4544 az
349 4478 512 4544 lamellas
537 4477 635 4564 pedig
660 4481 694 4544 es
719 4479 885 4562 pusztirlas
912 4477 1137 4560 oseudessegre
1164 4478 1198 4538 es

3 4613 5 4670 f
79 4585 196 4652 minden
208 4589 284 4672 jora
299 4587 459 4654 sordulna
476 4587 533 4654 Int
545 4586 731 4672 nagysagod
756 4609 833 4653 arra
847 4587 1041 4668 benntnlret,
1051 4583 1197 4668 igyelma-

3 4723 4 4732 ¹
80 4691 153 4757 runk
182 4696 225 4759 mi
256 4717 347 4780 uzon,
372 4695 457 4780 hogy
482 4718 519 4760 az
554 4695 845 4780 megmaradAsban
885 4693 997 4759 modot
1022 4691 1199 4772 talzilmiolr,
