3100 5420
340 493 406 554 480
698 503 817 550 cuntem
837 500 1091 551 ouszioort'mr'sssu.

339 669 480 734 extorris
504 689 709 753 nequaquam
733 689 784 732 me
810 667 908 732 exilio
924 666 1129 732 committere
1145 667 1246 751 potui,
1262 687 1344 751 quae
1360 659 1447 728 onnia

340 777 418 843 deus
436 782 468 841 et
483 777 603 843 veritas
618 777 690 860 ipsa
704 777 814 861 palam
830 781 1003 842 testantur.

445 885 517 952 Nec
541 887 660 952 mirum
683 907 735 950 me
766 889 880 950 tantae
907 885 1145 952 imbecillitatis
1168 887 1338 968 hominem,
1361 900 1450 951 cerem

339 993 462 1060 crudeli
486 993 579 1060 hoste
603 995 652 1059 ita
683 991 873 1060 submittere
899 992 1059 1078 debuisse,
1084 1017 1158 1060 cum
1184 997 1349 1080 principes
1370 997 1451 1062 etiam

339 1103 556 1186 potentissimi
566 1123 663 1187 saepe
672 1123 732 1186 pro
742 1103 870 1168 ratione
880 1105 1035 1187 temporis
1052 1105 1094 1170 ob
1110 1105 1315 1174 imminentes
1330 1104 1452 1170 hostium

338 1212 421 1276 vires
431 1232 465 1276 se
481 1211 719 1294 aliquantulum
735 1211 900 1280 continere
915 1211 981 1278 imo
997 1210 1037 1277 de
1054 1213 1125 1278 iure
1141 1235 1199 1278 suo
1215 1215 1378 1279 remittere
1393 1235 1452 1278 con-

339 1319 510 1384 suererint.
526 1317 643 1402 Neque
653 1324 762 1384 tamen
774 1320 900 1386 interea
915 1322 1072 1404 temporis
1088 1321 1254 1386 dominum
1270 1321 1452 1388 Bochkaiunr

339 1448 379 1491 ex
402 1426 466 1492 hac
490 1427 589 1492 etiam
615 1428 782 1512 provincia
806 1428 984 1495 identidem
1010 1449 1150 1513 monere,
1170 1451 1234 1513 quo
1252 1429 1452 1513 quantocitius

339 1537 372 1600 in
398 1536 537 1617 gratiam
563 1556 638 1600 suae
669 1535 746 1600 Meis
772 1557 853 1602 caes.
878 1537 985 1602 redire
1003 1544 1036 1602 et
1051 1537 1216 1621 publicam
1233 1539 1325 1620 sequi
1344 1557 1453 1602 concor·

339 1643 427 1708 diam
442 1643 598 1727 studeret,
622 1646 837 1730 praetermisi,
863 1667 929 1729 qua
947 1651 1090 1730 peracte,
1107 1645 1299 1711 facillimum
1316 1645 1382 1710 iore
1396 1666 1455 1709 cun

342 1750 458 1817 Turcis
475 1773 573 1835 quem
596 1801 792 1818 .......
816 1755 987 1820 convenire
1002 1756 1158 1838 persuasi.

445 1859 554 1924 Deum
580 1866 689 1926 autem
713 1865 828 1928 testem
853 1863 977 1946 invoco,
1002 1863 1045 1928 ad
1061 1863 1254 1945 dignitatem
1270 1861 1355 1928 hano
1369 1861 1456 1926 Tran-

340 1968 536 2052 sylvanicam
562 1968 822 2053 consequendam
847 1965 1002 2056 nu[llnm]
1027 2020 1192 2036 ......
1216 1993 1272 2036 um
1298 1993 1357 2036 nec
1371 1972 1458 2035 inten-

340 2077 460 2141 tionem
479 2074 640 2159 habuisse,
657 2099 728 2144 cum
749 2079 783 2142 in
799 2079 863 2144 ista
878 2100 939 2144 neo
954 2078 1061 2144 famae
1077 2084 1135 2144 aut
1149 2079 1290 2146 nominis
1308 2078 1458 2144 celebrite-

340 2191 406 2250 tem
422 2180 555 2270 auge[re
571 2181 670 2272 nunc]
687 2207 748 2270 prc
764 2192 910 2270 tempore
926 2187 1041 2252 modus
1058 2193 1116 2270 est,
1133 2187 1228 2253 sicuti
1246 2193 1344 2252 antea
1357 2187 1387 2251 in
1397 2205 1459 2249 erre

340 2291 596 2358 Zenderduiensi
621 2299 679 2359 eut
703 2295 912 2379 capitaneatu
938 2293 1094 2378 Agriensi
1110 2302 1144 2360 et
1158 2295 1300 2380 publicis
1317 2295 1403 2378 regni
1418 2315 1461 2358 ex·

339 2401 674 2485 peditionibusmulta
689 2405 906 2487 prosperrime
923 2423 995 2467 cum
1012 2403 1129 2469 Turcis
1144 2405 1215 2469 ino.
1239 2453 1246 2468 .
1271 2453 1278 2468 .
1302 2451 1309 2467 .
1334 2422 1457 2467 cumno

340 2511 436 2575 minis
452 2511 621 2595 bonaeque
636 2510 743 2576 famae
758 2512 956 2576 incremento
973 2510 1087 2576 Meroua
1103 2510 1175 2580 Vris
1200 2533 1266 2575 non
1282 2511 1350 2575 sine
1365 2509 1462 2574 fructu

341 2641 379 2684 ac
404 2620 570 2702 sauguinis
587 2617 743 2686 effusione
759 2641 892 2704 operam
907 2641 1012 2684 meam
1029 2620 1181 2704 impendi.
1198 2617 1263 2685 Sed
1280 2639 1384 2703 neque
1399 2638 1461 2682 ron-

341 2727 556 2810 gerendarnm
571 2728 626 2792 hio
636 2729 822 2794 divitiarum
838 2730 945 2795 locum
962 2751 1030 2794 esse
1046 2729 1150 2812 rideo,
1166 2751 1238 2793 oum
1255 2750 1311 2794 eas
1327 2727 1463 2792 dominus

341 2834 466 2900 Paulus
490 2856 511 2900 a
534 2835 732 2901 Kreurenek
757 2859 797 2901 ex
821 2837 883 2902 hec
908 2839 1076 2922 provincia
1092 2836 1134 2902 ad
1150 2835 1251 2902 secem
1269 2858 1370 2920 usque
1386 2853 1463 2917 eges·

342 2943 990 3028 serit,utneqneSaxonicarum
1012 2945 1267 3030 puellarum
1290 2947 1462 3009 inaures

341 3051 603 3133 inauribus,
629 3054 1011 3136 nequeacunulas
1039 3053 1084 3117 iu
1109 3047 1464 3137 capitisvelami-

342 3160 456 3224 mine
488 3160 724 3225 mulierum
757 3162 1014 3246 reliquerit.
1048 3161 1216 3229 Videre
1250 3165 1319 3225 est
1351 3155 1463 3244 (proh

343 3264 487 3352 dolor)
525 3268 568 3330 in
592 3267 672 3333 hoc
704 3290 842 3352 regno
875 3270 925 3334 ob
949 3270 1143 3354 inopiam
1176 3271 1463 3335 iumentorum

343 3375 463 3440 viros
495 3396 574 3458 pro
617 3377 918 3442 seminatione
950 3377 1124 3461 frugum
1157 3379 1312 3461 ligone
1344 3393 1464 3459 agros

343 3479 500 3546 fodere
534 3487 575 3546 et
606 3483 779 3549 iunctis
812 3485 1030 3551 uxoribus
1055 3486 1304 3551 seminatos
1329 3503 1465 3569 peroc-

344 3610 453 3655 care.

451 3693 550 3762 Addo
561 3698 659 3763 etiam
678 3698 741 3764 ista
756 3721 815 3784 per
832 3721 929 3785 quam
946 3701 1226 3786 confidentissime,
1241 3723 1294 3767 me
1310 3719 1465 3785 nunquam

344 3806 378 3870 in
393 3811 465 3870 tota
480 3806 548 3870 rita
562 3828 644 3892 mea,
660 3829 732 3872 cum
748 3811 998 3894 maximorum,
1014 3811 1215 3876 iuventutem
1233 3817 1266 3874 et
1282 3805 1467 3876 animumad

345 3913 514 3980 subeunda
530 3915 687 3980 eiusmodi
702 3919 814 3981 munia
829 3917 950 3984 habere
965 3921 1152 4004 potuissem,
1167 3942 1227 4004 pro
1243 3917 1350 3986 officio
1365 3917 1467 4000 aliquo

346 4028 403 4086 aut
428 4024 636 4106 capitaneetu
660 4023 741 4090 Mrcs
771 4025 848 4094 Vtar
864 4027 1065 4094 sollicitasse.
1082 4026 1360 4095 Gubernationem
1375 4027 1467 4091 etiam

345 4130 441 4196 huius
466 4132 558 4216 regni
577 4131 620 4198 ad
635 4133 766 4216 longam
784 4133 906 4200 domini
921 4134 1082 4221 Bochkaij
1099 4137 1292 4220 petitionem
1309 4139 1341 4201 et
1355 4133 1468 4200 domini

345 4240 509 4325 Illeshazy
532 4242 805 4326 intercessionem,
831 4264 896 4308 non
922 4244 985 4308 nisi
1009 4243 1052 4309 ad
1077 4250 1144 4310 tres
1169 4251 1227 4310 aut
1251 4244 1295 4310 ad
1319 4263 1466 4309 summum

346 4353 488 4432 quatuor
512 4369 638 4415 menses
662 4371 855 4434 receperam.
884 4348 982 4416 Nunc
999 4357 1109 4417 autem
1126 4371 1245 4418 arcano
1261 4351 1404 4436 inprimis
1420 4347 1468 4412 dei

347 4459 569 4540 praepotentis
593 4460 728 4525 oonsilio
753 4481 792 4524 ac
826 4481 992 4545 consensu,
1017 4461 1234 4545 precibusque
1259 4456 1468 4526 multitudinis

347 4564 519 4646 convictus,
544 4566 644 4631 ricem
661 4567 864 4633 dominorum
882 4567 1205 4653 Transsylranorum,
1221 4589 1261 4633 ue
1277 4569 1378 4634 maius
1394 4561 1468 4649 quid

347 4670 482 4757 periculi
507 4672 717 4760 incurrerent,
742 4678 892 4741 misertus
924 4677 958 4742 in
990 4677 1075 4742 hanc
1090 4698 1223 4742 arenam
1239 4675 1403 4741 humiliter
1418 4670 1467 4736 de·
