3100 5420
475 483 569 545 1607.
586 509 664 548 raus.
691 491 808 548 18-9.
1144 484 1207 549 461

89 659 170 728 cibus
192 661 331 729 demisse
356 661 590 730 contendimus.
623 661 775 748 Denique
808 663 893 730 idem
918 662 1115 734 Valentinus
1140 663 1209 730 Ho-

89 791 225 856 monnay,
239 776 278 837 nt
293 792 386 838 suam
401 771 658 838 intentionemin
667 777 808 856 utroque
817 792 917 856 regno
933 773 1096 858 consequi,
1112 793 1210 860 seque

90 879 202 964 erigere
216 882 329 966 possit,
344 882 379 946 in
394 879 553 946 limitibus
580 879 747 966 Ungeriae
762 888 796 946 et
815 879 1087 967 Transsylvaniae
1102 903 1210 948 arcem

90 986 289 1056 Hnrtiensem
304 1012 405 1076 regno
430 995 542 1057 nostro
568 989 744 1058 secuudum
769 995 867 1076 pacta
883 1013 955 1058 cum
971 1013 1052 1058 saer.
1067 991 1134 1058 Mae
1146 991 1211 1062 vra

91 1116 161 1162 caes
178 1102 211 1162 et
226 1098 317 1182 regia
341 1099 424 1164 inita
447 1099 691 1183 incorporatam
716 1103 750 1163 et
765 1103 863 1165 antea
887 1120 1017 1185 quoque
1033 1100 1075 1166 ad
1091 1099 1210 1166 Trans-

92 1204 255 1288 sylsaniam
270 1211 397 1272 tentam
421 1204 464 1274 ab
490 1207 585 1272 initio
611 1213 644 1273 et
669 1227 859 1292 possessam,
879 1206 939 1273 sub
955 1207 1096 1291 quodam
1111 1213 1210 1274 testa-

91 1314 256 1380 mentariae
282 1314 505 1400 dispositionis
529 1320 702 1400 praetextu
734 1317 912 1400 occupavit.
937 1313 1044 1400 Quem
1068 1322 1106 1383 ut
1129 1337 1210 1382 sacr.

21 1439 22 1442 ’
91 1418 162 1486 Mus
170 1421 235 1489 Vra
257 1443 341 1490 caes.
365 1428 400 1490 et
424 1426 515 1508 regia
539 1423 717 1490 secundum
742 1425 996 1491 transactionem
1021 1446 1041 1490 a
1059 1421 1127 1490 Mae
1146 1423 1212 1494 Vra

91 1549 160 1595 sacr.
174 1530 321 1614 plenarie
336 1529 562 1598 confirmatam
572 1533 748 1598 elementer
763 1533 893 1599 restitui
911 1531 1019 1599 faeere
1035 1533 1122 1616 velit,
1138 1553 1211 1598 ean-

91 1637 154 1704 dem
168 1637 264 1704 Meam
279 1637 375 1707 me
389 1661 470 1706 saer.
486 1640 666 1708 humillime
684 1640 896 1708 obsecramus.
922 1638 1049 1724 Quibus
1064 1642 1098 1707 in
1114 1641 1211 1708 rebus

21 1787 22 1828 3
92 1768 161 1811 saer.
176 1769 258 1814 caes.
274 1748 448 1832 regiaeque
471 1747 554 1814 Mtis
579 1749 670 1818 Vrae
685 1749 861 1834 benignam
877 1751 911 1816 in
927 1772 987 1817 nos
1003 1752 1142 1835 gratiam
1159 1773 1212 1817 ex-

21 1875 23 1942 }
91 1853 251 1922 hibendum
267 1854 357 1920 fideli
381 1861 494 1923 nostro
520 1855 676 1941 obsequio
691 1863 849 1942 perpetuo
875 1858 1052 1942 promereri
1069 1857 1212 1925 studebi-

21 1999 23 2012 <
92 1983 159 2028 mus
174 1964 266 2030 Deus
282 1968 348 2048 opt
364 1984 447 2028 marc
463 1985 544 2029 sacr.
560 1962 657 2030 Meam
672 1963 765 2032 me
782 1987 863 2031 caea.
880 1972 913 2030 et
928 1966 1053 2049 regiam
1069 1965 1111 2032 ad
1136 1971 1213 2032 vota

21 2077 23 2082 '
93 2092 267 2138 eonserrare
283 2071 445 2154 dignetur.
461 2071 587 2138 Datum
603 2073 636 2138 in
653 2073 783 2138 civitate
809 2070 969 2140 Colosnar
988 2073 1041 2139 die
1060 2078 1109 2140 19.
1125 2097 1212 2140 men-

21 2213 23 2278 3
93 2180 130 2244 sis
143 2179 313 2246 Februarii
328 2201 414 2246 anno
430 2179 553 2246 domini
567 2181 740 2248 millesimo
756 2183 990 2249 sexcentesimo
1006 2184 1152 2268 septimo.

187 2304 307 2372 Sacrae
324 2326 405 2372 caes
421 2307 595 2390 regiaeque
610 2305 797 2372 Maiestatis
812 2306 953 2374 Vestrae

726 2415 901 2482 humillimi
917 2415 1051 2482 clientes

570 2525 711 2590 universi
727 2525 912 2608 regnicolas
928 2525 1027 2590 trium
1043 2525 1212 2592 nationum

694 2633 787 2716 regni
803 2631 1082 2717 Transsylvaniae.

189 2785 328 2840 Kale-aias:
345 2781 540 2840 sacratissimo
555 2802 589 2839 ac
605 2785 790 2842 invictissimo
806 2785 919 2840 domino
935 2783 1048 2840 domino
1059 2784 1210 2856 Rudolpho

21 2889 22 2942 g
94 2875 211 2943 seeundo,
227 2876 417 2930 Romanorum
434 2875 631 2946 imperatoriae
647 2895 680 2931 ac
690 2876 868 2946 Germaniae,
878 2875 1032 2948 Ungariae,
1049 2875 1213 2930 Bohemiae-

21 2943 23 3036 ἴ
94 2980 143 3032 que
156 2971 204 3021 ete.
219 2966 315 3038 regiae
331 2963 476 3022 Maiestati
492 2973 544 3022 ete.
560 2967 674 3022 domino
690 2971 786 3022 nostro
802 2967 1028 3022 clementissimo.

94 3121 199 3192 (Hdrom
214 3124 352 3200 peesdttel
368 3125 457 3184 lezdrt
472 3127 608 3201 eredetije
623 3146 641 3184 a
657 3125 735 3184 becci
750 3146 788 3184 es.
805 3125 835 3184 ds
851 3129 879 3185 lr.
896 3126 944 3184 dll.
961 3126 1084 3184 ltdrbau.
1101 3121 1210 3198 Hung.)

627 3337 663 3420 0)

187 3476 417 3547 Sacratissima
426 3500 578 3548 caesarea
593 3479 750 3564 regiaque
761 3477 930 3564 Maiestas,
940 3477 1070 3546 domine
1081 3477 1209 3546 domine

95 3583 336 3656 clementissime.

186 3695 409 3764 Humiliorum
435 3703 495 3764 etc.
520 3696 728 3764 oblationem.
754 3696 984 3782 Superioribus
1000 3696 1125 3780 diebus,
1143 3718 1210 3764 sac·

95 3805 240 3872 ratissima
275 3808 462 3890 imperator,
487 3805 591 3872 literis
616 3806 696 3871 meis
723 3809 774 3872 25.
799 3804 953 3872 Januarii
979 3805 1064 3872 datis
1089 3811 1212 3872 statum

95 3907 385 4000 uunssylvanicum
403 3913 586 3979 luculenter
604 3913 685 3978 satis
700 3914 962 3998 perscripseram,
979 3911 1022 3979 ad
1038 3915 1129 3978 ouius
1141 3914 1211 3998 qui·

94 4016 153 4087 dem
175 4022 446 4106 gubernationem
470 4021 607 4086 invitum
635 4041 713 4086 sane
728 4027 762 4086 et
777 4021 1032 4088 contranitentia
1047 4019 1212 4105 frequenti

21 4153 23 4166 ·
93 4123 226 4196 dominus
242 4129 393 4214 Bocslray
409 4151 483 4195 cum
498 4127 629 4196 domino
645 4127 817 4196 Illeshazio
839 4135 1077 4214 pertraxerant,
1095 4129 1212 4214 quibus

21 4251 24 4282 *-
95 4237 210 4316 qudem
237 4244 316 4305 tunc
340 4237 421 4304 mihi
445 4237 625 4323 parendum
650 4235 721 4303 luit.
746 4235 968 4303 Nihilominus
983 4258 1107 4303 memor
1121 4259 1213 4304 meae

95 4339 157 4412 fidei
172 4354 205 4414 et
220 4347 428 4432 obligaminis
446 4345 707 4432 frequentissime
723 4345 810 4431 apud
827 4345 993 4412 dominum
1008 4345 1214 4413 Bochkaium

95 4450 193 4541 iustiti,
208 4458 320 4524 monui
336 4478 375 4522 ac
390 4457 479 4521 oravi
495 4477 554 4540 per
569 4456 681 4522 literas
698 4461 731 4520 et
746 4456 890 4539 nuncios,
905 4461 943 4520 ut
959 4477 1031 4520 cum
1047 4454 1114 4520 Meo
1145 4454 1210 4522 Vra

97 4578 163 4628 sacr.
185 4567 282 4632 iniret
298 4563 514 4646 concordiam,
539 4570 573 4630 et
597 4565 729 4646 negotia
754 4561 893 4628 Turcica
911 4561 1065 4648 differret,
1083 4562 1214 4647 quando

21 4677 24 4750 ξ
97 4670 165 4734 eatis
186 4671 307 4740 afflicta
332 4673 420 4738 ultra
445 4671 570 4736 marina
596 4673 664 4737 eius
680 4671 811 4753 negotia
828 4676 952 4754 essent;
978 4671 1047 4755 ipso
1063 4692 1147 4756 vero,
1164 4671 1213 4736 uti
