3030 5416
333 471 398 533 260
707 482 825 532 arctari
842 478 1093 528 ossaloerdndsnu.

325 651 421 713 ‚strae
431 650 613 732 respectum
623 651 657 713 et
666 667 833 712 recursum
848 665 943 710 suum
958 643 1081 710 habers
1091 643 1210 710 debent
1219 644 1253 710 in
1264 642 1407 710 omnibus
1420 646 1447 708 et

332 757 477 839 singulis,
493 777 577 840 quae
593 755 704 840 aliqua
718 755 841 820 maiore
851 751 1079 836 declaratione,
1094 749 1324 818 informatione
1335 758 1447 818 etresc-

332 865 458 931 lutione
474 863 620 948 indigere
639 868 698 928 aut
714 883 797 947 quae
823 865 937 926 nostra
962 859 1145 945 cognitione
1163 861 1264 944 digna
1280 882 1348 927 esse
1372 866 1402 925 et
1414 857 1448 924 ad

332 974 532 1039 incrementa
542 993 689 1038 camerae
705 975 838 1037 nostrae
854 971 1018 1054 pertinere
1033 968 1237 1054 videbuntur,
1253 970 1366 1036 addita
1379 990 1448 1034 sem·

333 1101 391 1166 per
411 1082 563 1166 opinione
582 1101 641 1146 sua
656 1101 730 1146 cum
745 1078 831 1145 bono
847 1078 967 1146 iudicio
983 1077 1023 1143 ds
1038 1077 1090 1144 his
1106 1099 1190 1163 quae
1206 1079 1253 1144 sic
1268 1077 1312 1144 ad
1326 1100 1381 1145 nos
1395 1078 1449 1143 sire

333 1212 392 1275 per
417 1195 545 1275 postam
570 1196 603 1255 et
628 1190 756 1256 litteras
781 1190 847 1256 sive
874 1189 972 1254 etiam
988 1209 1046 1272 per
1061 1189 1219 1274 speciales
1233 1189 1374 1272 nuncios,
1387 1209 1449 1253 cum

334 1319 415 1383 opus
432 1319 501 1364 esse
515 1296 687 1380 ridebitur,
703 1302 779 1362 sunt
794 1297 939 1363 relaturi
1504 1281 1506 1288 ¹

442 1419 501 1489 Sin
528 1423 626 1488 etiam
642 1423 677 1487 in
692 1421 835 1506 negociis
851 1420 922 1488 fisci
938 1443 977 1488 ex
994 1421 1191 1488 cancellaria
1205 1421 1394 1507 Hungarica
1407 1420 1448 1486 rel

335 1529 402 1596 alia
425 1529 542 1595 literae
567 1528 727 1613 quaedam
751 1527 875 1596 fuerint
900 1530 1030 1614 allatae,
1055 1529 1097 1596 ab
1122 1552 1234 1596 earum
1251 1531 1449 1614 exequutione

334 1637 569 1722 supersedeant
598 1637 768 1722 tantisper,
799 1637 903 1703 donec
932 1659 991 1704 nos
1016 1636 1193 1704 informent
1218 1644 1252 1704 et
1276 1639 1446 1704 ulteriorem

333 1752 480 1814 nostram
494 1746 727 1812 resolutionem
742 1745 914 1831 accipiant

441 1853 491 1920 Ut
514 1857 625 1920 autem
649 1853 805 1920 directori
830 1857 864 1920 et
889 1853 1083 1920 consiliariis
1099 1853 1219 1920 nostris
1235 1875 1283 1938 ea,
1301 1875 1379 1938 quae
1393 1849 1450 1918 offi-

337 1962 380 2029 cii
390 1963 439 2027 sui
449 1963 524 2047 sint,
540 1960 775 2046 quaequefidei
792 1967 825 2026 et
841 1982 938 2027 curae
954 1981 1033 2025 suae
1049 1981 1108 2046 per
1123 1981 1183 2026 nos
1198 1962 1233 2026 in
1249 1961 1313 2027 hac
1326 1962 1447 2026 meurs

335 2071 425 2136 tione
434 2074 548 2136 nostra
559 2069 684 2135 credita
694 2075 793 2155 atque
810 2069 981 2136 commissa
999 2073 1084 2153 sunt,
1100 2089 1227 2154 semper
1242 2071 1345 2153 magis
1359 2090 1394 2136 ac
1407 2089 1449 2134 co

336 2180 427 2264 gnita
444 2183 477 2244 et
491 2183 665 2264 perspecta
688 2178 877 2264 reddantur,
902 2179 1067 2262 animique
1092 2199 1204 2244 eorum
1229 2199 1268 2245 eo
1284 2179 1379 2244 altius
1392 2173 1450 2242 infi-

336 2291 455 2371 gantur
480 2286 692 2370 tenaciusque
716 2285 856 2352 habent:
873 2287 1072 2372 iniungimus
1097 2286 1227 2371 eisdem,
1257 2293 1296 2353 ut
1319 2286 1449 2352 hancin-

337 2395 559 2479 structiouem,
569 2415 633 2479 quo
657 2393 729 2460 fieri
754 2400 871 2481 potest,
892 2395 1087 2460 creberrime
1104 2399 1138 2460 et
1152 2393 1195 2459 ad
1209 2395 1316 2461 minus
1332 2393 1450 2478 singulis

338 2502 416 2566 anni
431 2503 637 2586 quartalibus
653 2503 752 2568 semel
767 2503 802 2568 in
814 2503 948 2568 oonsilio
964 2502 1195 2587 perlegendum
1211 2510 1334 2589 curent,
1348 2524 1384 2568 ac
1397 2501 1450 2566 sin·

339 2609 432 2694 gulos
458 2610 527 2676 eius
552 2610 708 2676 articulos
734 2611 847 2677 ordine
871 2632 1031 2696 perquam
1056 2609 1231 2694 diligenter
1254 2608 1450 2696 perpendant,

338 2739 437 2803 seque
452 2717 573 2803 ubique
598 2718 765 2786 admoneri
791 2720 986 2803 existiment,
1011 2725 1049 2785 ut
1065 2739 1176 2786 omnes
1192 2741 1267 2786 suos
1284 2726 1411 2786 conatus
1424 2721 1452 2780 ct

338 2847 472 2912 operam
497 2827 539 2892 ad
563 2827 802 2913 procurandam
835 2849 908 2894 curn
933 2827 1094 2911 dignitate
1119 2827 1299 2894 utilitatem
1321 2833 1451 2894 uestram

339 2941 539 3002 convertant.

448 3041 619 3110 Postremo
645 3042 786 3110 director
802 3051 836 3110 et
862 3045 1038 3111 consiliarii
1052 3045 1157 3111 nostri
1175 3045 1298 3132 aliique
1314 3040 1453 3110 officiales

339 3151 444 3217 nostri
459 3149 575 3216 iisdem
592 3151 755 3218 coniuncti
770 3151 821 3216 vel
838 3152 975 3219 subiecti
990 3175 1050 3238 pro
1061 3175 1096 3220 se
1106 3153 1226 3236 singuli
1243 3159 1365 3238 quanto
1380 3148 1452 3234 quis

340 3280 405 3343 que
429 3259 571 3324 maximo
597 3265 708 3343 potest
732 3259 849 3345 studio,
875 3260 1054 3346 diligentia,
1080 3259 1145 3327 lide
1161 3267 1195 3326 et
1218 3261 1331 3327 labore
1345 3261 1452 3326 incuu-

340 3365 431 3450 bant,
456 3388 633 3450 omnesque
658 3373 793 3434 conatus
820 3375 853 3433 et
877 3369 1013 3435 consilia
1037 3389 1096 3435 sua
1112 3389 1150 3435 eo
1164 3369 1316 3453 dirigant,
1332 3374 1368 3434 ut
1382 3387 1453 3432 com·

339 3473 437 3541 moda
452 3481 565 3540 nostra
590 3479 732 3558 augeant
756 3481 856 3558 atque
873 3475 981 3560 quoad
1006 3477 1074 3541 eius
1091 3474 1161 3541 fieri
1179 3481 1289 3561 potest
1304 3493 1453 3562 promore-

340 3587 416 3667 ant;
432 3583 551 3650 damna
566 3605 642 3650 vero
659 3589 692 3649 et
707 3584 910 3650 incommoda
919 3590 1031 3651 nostra
1046 3585 1256 3670 praeveniant
1267 3591 1364 3670 atque
1379 3602 1455 3649 arer-

341 3699 425 3778 tant,
441 3691 711 3779 quemadmodum
736 3713 806 3758 sese
830 3693 924 3760 nobis
939 3693 1146 3759 iureiurando
1178 3692 1414 3760 obstrinxerunt
1428 3697 1456 3754 et

341 3800 429 3885 ipsos
445 3801 568 3886 alioqui
583 3823 643 3886 pro
660 3823 719 3868 sua
735 3821 814 3884 erga
829 3821 888 3867 nos
902 3799 1061 3868 fidelitate
1072 3807 1105 3866 et
1120 3800 1320 3868 subiectione
1329 3801 1457 3868 sesua

341 3905 480 3991 benigne
504 3907 692 3975 confidimus
716 3908 875 3994 nobisque
906 3915 995 3976 certo
1019 3911 1220 3994 pollicemur.
1250 3909 1403 3977 Nostram
1429 3907 1455 3970 in

340 4015 529 4099 praemissis
545 4017 694 4084 omuibus
709 4037 894 4102 expressam
910 4023 944 4083 et
960 4018 1178 4084 omnimodam
1204 4019 1393 4104 exequutus-i
1413 4034 1457 4080 ro

342 4121 512 4192 luntatem.
528 4124 637 4192 Datee
653 4125 782 4211 Pragae
800 4131 851 4192 20.
866 4125 892 4192 J
893 4127 1029 4210 anuarii,
1045 4147 1130 4193 anno
1148 4129 1243 4193 1604

428 4350 429 4354 ,
524 4294 681 4368 (Mdsolata
696 4295 800 4354 abdcsi
816 4299 882 4355 udv.
898 4298 974 4355 lram.
990 4295 1113 4354 ltdrbau.
1130 4296 1205 4354 Sicb.
1221 4292 1298 4368 Act.)
