3100 5420
500 508 594 564 1607.
612 513 672 564 uls.
690 509 740 563 26.
1118 507 1182 566 483

65 678 235 741 meretettel
261 699 296 742 en
321 678 471 743 levelttnlr
496 678 607 744 latren
640 678 835 763 mindjtrast
860 680 979 764 joclem
1000 680 1107 765 jojjon
1133 683 1185 747 ide

64 784 257 851 Fehtrvtrra
281 786 432 870 hozztnk,
457 810 495 852 az
522 787 671 871 dologrol
687 787 921 870 beszelgetren,
945 788 1185 872 vegezhesstluk

64 892 181 957 minden
194 893 247 976 jot
271 894 392 978 hgddel
416 896 551 979 egyenld
576 895 784 960 ertelemmel.
809 892 900 959 Bene
926 895 1040 961 valeat.
1057 896 1182 963 Datum

64 998 163 1066 Albae
177 999 291 1067 Juliae
307 1002 359 1067 die
378 1005 428 1068 12.
444 1001 536 1068 Maii.
552 1001 651 1069 Anno
670 1007 763 1067 1607.

164 1123 391 1208 Sigismundus
406 1125 559 1212 Rakoczy
575 1150 616 1192 m.
631 1149 661 1211 p.

162 1297 301 1351 Kitlcaim:
326 1294 431 1367 Mgfico
456 1293 492 1349 D.
518 1294 688 1352 Balthasaro
706 1296 813 1351 Kornis
832 1296 866 1350 dc
883 1296 1000 1352 Ruszka
1024 1297 1185 1353 consiliario

65 1391 151 1440 nostro
166 1385 243 1440 fideli
259 1387 342 1440 nobis
361 1387 534 1441 honorando.

287 1512 289 1519 ’
377 1546 754 1616 (maraoammsaaor
768 1547 865 1621 tarje.)

565 1808 663 1876 LIX.

490 1956 586 2019 1607.
603 1977 634 2018 m
645 1955 695 2039 fij.
713 1959 764 2020 26.

106 2101 223 2174 Senayey
237 2104 438 2174 Pompeianae,
459 2125 478 2160 a
493 2106 648 2160 cadazdrlroz
665 2108 769 2161 medea
783 2107 908 2161 leductnelc
922 2108 1037 2178 meybiad
1052 2109 1138 2163 levele.

167 2237 394 2305 Sacratissime
410 2243 465 2307 att.
487 2239 694 2308 oblationem.

164 2345 393 2432 Posteaquam,
410 2370 491 2414 sacr.
508 2370 589 2414 caes.
606 2349 702 2433 Meas,
720 2350 955 2415 illustrissimus
975 2350 1123 2415 dominus
1140 2349 1189 2416 Si-

1 2435 3 2508 l
68 2453 245 2535 gismundus
261 2455 405 2541 Rakocy,
421 2459 570 2541 princeps
586 2465 698 2522 noster
714 2459 989 2541 clementissimus,
1008 2457 1123 2524 habita
1138 2481 1189 2524 su-

69 2561 192 2642 perinde
208 2570 323 2629 mutua
340 2586 412 2629 curn
429 2565 623 2630 consiliariis
649 2567 715 2630 suis
732 2565 966 2631 deliberatione
990 2573 1023 2632 et
1039 2589 1118 2632 sano
1134 2567 1189 2632 ad·

1 2670 2 2673 ’
70 2666 165 2734 bibito
181 2671 310 2759 iudicio,
341 2673 505 2736 solennem
536 2672 579 2738 ad
609 2672 705 2736 Mtem
725 2671 818 2740 Vram
843 2696 924 2739 caes.
957 2675 1190 2740 instituendam

70 2775 154 2842 duxit
178 2780 384 2863 legationem,
410 2803 448 2845 ao
472 2779 679 2863 magnificum
704 2780 734 2845 d.
750 2780 963 2847 Pancratium
989 2781 1130 2868 Senniey
1150 2783 1190 2847 de

70 2882 264 2970 Kis-Sennie,
291 2889 509 2954 consiliarium
534 2910 627 2953 suum
644 2895 677 2953 et
692 2889 783 2972 regni
809 2887 1080 2975 Transsylvaniae
1096 2912 1190 2974 gene-

1 3022 2 3026 *
72 2993 163 3059 ralem
179 2997 385 3080 capitaneum
402 2996 444 3062 ad
469 2996 503 3061 id
527 2995 759 3079 exequendum,
784 3004 896 3062 nostro
913 3000 1011 3063 etiam
1029 3022 1101 3064 cum
1118 3021 1189 3064 con-

1 3146 2 3183 3
73 3119 156 3167 sensu
181 3103 396 3189 expediverit:
422 3104 484 3169 boo
509 3104 564 3169 isti
598 3104 763 3186 legationi,
793 3112 926 3189 propter
957 3108 1188 3171 nonnullorum

1 3199 2 3202 ¹
72 3209 238 3276 calumnias
254 3219 288 3277 et
311 3234 410 3277 vanos
435 3233 606 3294 sermones,
632 3212 688 3294 qui
715 3233 873 3279 summum
898 3221 1046 3281 nostrum
1071 3217 1104 3280 in
1130 3215 1192 3280 boc

1 3353 2 3356 =
72 3337 161 3399 regno
177 3341 367 3385 consensum
382 3319 473 3384 falsis
489 3320 650 3404 obloquiis
667 3326 851 3404 suspectum
868 3321 1003 3386 reddere
1020 3330 1053 3387 et
1069 3323 1192 3407 aliquo·

1 3431 3 3467 ῑ
72 3425 158 3491 modo
181 3426 382 3494 labefactare
406 3433 574 3509 conantur,
600 3427 784 3492 addendum
800 3428 957 3512 duximus,
974 3431 1059 3494 utin
1078 3429 1192 3495 confir-

1 3613 3 3621 !
72 3536 236 3600 mationem
262 3535 379 3620 plenae
395 3534 470 3601 fidoi
496 3542 529 3600 et
545 3536 633 3620 apud
648 3557 730 3601 sacr.
745 3557 827 3601 caes.
843 3535 939 3600 Mam
955 3537 1046 3605 Vram
1063 3544 1096 3603 et
1111 3540 1192 3603 alios

1 3720 3 3732 ,
72 3643 197 3727 quosvis,
214 3664 353 3727 quorum
368 3645 513 3726 interest,
530 3664 588 3708 nos
598 3644 689 3725 regni
701 3642 798 3708 huius
814 3644 971 3727 primores
988 3651 1021 3710 et
1036 3642 1193 3711 officiales

1 3796 2 3801 κ
72 3752 227 3836 praecipui
242 3753 375 3817 nomina
390 3758 423 3818 et
439 3752 549 3834 sigilla
558 3757 672 3816 nostra
682 3749 832 3816 daremus
848 3757 881 3815 et
897 3751 981 3817 hanc
996 3753 1192 3835 legationem

1 3928 3 3956 ἶ
72 3864 168 3924 ratam
184 3866 216 3927 et
232 3859 358 3925 firrnam
375 3861 436 3926 tali
452 3861 637 3926 testimonio
653 3860 870 3925 redderemus.

170 4003 380 4070 Maiestatem
396 4005 507 4088 itaque
524 4003 614 4074 Viam
627 4026 707 4069 sacr.
722 4003 901 4069 humillime
920 4008 1076 4090 tanquam
1092 4007 1194 4071 totius

1 4116 3 4208 ζ
73 4109 312 4180 christianitatis
326 4114 536 4180 monarcham
548 4114 833 4179 clementissimum
846 4115 1051 4198 requirimus,
1066 4120 1104 4180 ut
1119 4113 1195 4180 huic

72 4218 171 4303 legato
188 4222 317 4308 publico
343 4229 376 4288 et
401 4223 536 4307 solenni,
555 4222 589 4287 in
606 4221 756 4288 omnibus
782 4242 859 4286 suae
876 4221 951 4286 fidei
967 4222 1146 4287 commissis
1163 4228 1197 4287 et

1 4336 3 4402 ἑ
72 4323 127 4392 Mu
154 4327 233 4399 llrae
249 4351 330 4395 sacr.
346 4329 524 4396 referendis
549 4330 811 4415 exponendisque
836 4330 967 4413 plenam
984 4336 1018 4394 et
1032 4329 1195 4395 indubita-

73 4441 133 4500 tam
149 4445 313 4521 praestare
329 4438 483 4523 dignetur
498 4436 594 4503 fidem
611 4444 645 4503 et
660 4437 888 4503 certitudinem
905 4459 1003 4521 quam
1020 4437 1097 4502 Meis
1114 4437 1195 4507 Vnae

1 4551 2 4560 ’
74 4564 148 4611 caes.
166 4547 368 4613 clementiam
384 4547 503 4613 debitis
529 4570 656 4632 semper
681 4547 845 4632 obsequiis
870 4546 910 4611 de
935 4546 1002 4612 Mo·
1025 4546 1091 4615 Vra
1113 4568 1196 4613 caes.

1 4726 2 4730 Ἰ
74 4660 239 4733 promereri
256 4657 467 4724 studebimus.
493 4658 707 4741 Eandemque
732 4657 913 4722 diutissime
933 4656 1071 4722 feliciter
1088 4658 1196 4722 valere

1036 4802 1085 4851 31*
