<?xml version="1.0" encoding="UTF-8"?>
<!DOCTYPE html PUBLIC "-//W3C//DTD XHTML 1.0 Transitional//EN"
    "http://www.w3.org/TR/xhtml1/DTD/xhtml1-transitional.dtd">
<html xmlns="http://www.w3.org/1999/xhtml" xml:lang="en" lang="en">
 <head>
  <title>
</title>
<meta http-equiv="Content-Type" content="text/html;charset=utf-8" />
  <meta name='ocr-system' content='tesseract 3.04.00' />
  <meta name='ocr-capabilities' content='ocr_page ocr_carea ocr_par ocr_line ocrx_word'/>
</head>
<body>
  <div class='ocr_page' id='page_1' title='image "./monumentahungar14bizogoog/monumentahungar14bizogoog_0100.png"; bbox 0 0 3062 5414; ppageno 0'>
   <div class='ocr_carea' id='block_1_1' title="bbox 323 518 1087 576">
    <p class='ocr_par' dir='ltr' id='par_1_1' title="bbox 323 518 1087 576">
     <span class='ocr_line' id='line_1_1' title="bbox 323 518 1087 576; baseline -0.008 0"><span class='ocrx_word' id='word_1_1' title='bbox 323 518 366 576; x_wconf 85' lang='lat'>88</span> <span class='ocrx_word' id='word_1_2' title='bbox 700 525 819 572; x_wconf 78' lang='grc'><strong>11111111</strong></span> <span class='ocrx_word' id='word_1_3' title='bbox 835 519 1087 571; x_wconf 79' lang='grc'><strong>016616611111611.</strong></span> 
     </span>
    </p>
   </div>
   <div class='ocr_carea' id='block_1_2' title="bbox 321 673 1441 1754">
    <p class='ocr_par' dir='ltr' id='par_1_2' title="bbox 321 673 1441 1754">
     <span class='ocr_line' id='line_1_2' title="bbox 323 673 1437 777; baseline -0.007 -19"><span class='ocrx_word' id='word_1_4' title='bbox 323 694 476 777; x_wconf 78' lang='lat' dir='ltr'><strong>dignetur</strong></span> <span class='ocrx_word' id='word_1_5' title='bbox 491 673 570 757; x_wconf 86' lang='lat' dir='ltr'>mihi</span> <span class='ocrx_word' id='word_1_6' title='bbox 596 690 786 773; x_wconf 80' lang='lat' dir='ltr'>aliquandiu</span> <span class='ocrx_word' id='word_1_7' title='bbox 811 690 859 753; x_wconf 85' lang='lat' dir='ltr'>vel</span> <span class='ocrx_word' id='word_1_8' title='bbox 886 688 940 753; x_wconf 91' lang='lat' dir='ltr'>bio</span> <span class='ocrx_word' id='word_1_9' title='bbox 956 689 990 752; x_wconf 89' lang='lat' dir='ltr'>in</span> <span class='ocrx_word' id='word_1_10' title='bbox 1008 688 1084 753; x_wconf 92' lang='lat' dir='ltr'>aula</span> <span class='ocrx_word' id='word_1_11' title='bbox 1109 688 1294 753; x_wconf 88' lang='lat' dir='ltr'>Maiestatis</span> <span class='ocrx_word' id='word_1_12' title='bbox 1310 686 1351 754; x_wconf 82' lang='lat' dir='ltr'>V.</span> <span class='ocrx_word' id='word_1_13' title='bbox 1367 707 1437 750; x_wconf 79' lang='lat' dir='ltr'>caes</span> 
     </span>
     <span class='ocr_line' id='line_1_3' title="bbox 321 794 1435 886; baseline -0.011 -16"><span class='ocrx_word' id='word_1_14' title='bbox 321 805 439 886; x_wconf 80' lang='lat' dir='ltr'>exigue</span> <span class='ocrx_word' id='word_1_15' title='bbox 463 804 574 886; x_wconf 89' lang='lat' dir='ltr'>aliqua</span> <span class='ocrx_word' id='word_1_16' title='bbox 598 799 789 865; x_wconf 83' lang='lat' dir='ltr'><strong>menstruali</strong></span> <span class='ocrx_word' id='word_1_17' title='bbox 808 799 994 881; x_wconf 89' lang='lat' dir='ltr'>prouisione</span> <span class='ocrx_word' id='word_1_18' title='bbox 1020 818 1216 877; x_wconf 74' lang='lat' dir='ltr'><strong>succurrere,</strong></span> <span class='ocrx_word' id='word_1_19' title='bbox 1237 797 1286 859; x_wconf 85' lang='lat' dir='ltr'>vel</span> <span class='ocrx_word' id='word_1_20' title='bbox 1303 797 1336 860; x_wconf 90' lang='lat' dir='ltr'>in</span> <span class='ocrx_word' id='word_1_21' title='bbox 1353 794 1435 858; x_wconf 86' lang='lat' dir='ltr'>ditio-</span> 
     </span>
     <span class='ocr_line' id='line_1_4' title="bbox 321 902 1438 992; baseline -0.011 -14"><span class='ocrx_word' id='word_1_22' title='bbox 321 914 416 978; x_wconf 86' lang='lat' dir='ltr'><strong>nibus</strong></span> <span class='ocrx_word' id='word_1_23' title='bbox 432 912 618 977; x_wconf 75' lang='lat' dir='ltr'>Maiestatis</span> <span class='ocrx_word' id='word_1_24' title='bbox 643 907 683 976; x_wconf 91' lang='lat' dir='ltr'>V.</span> <span class='ocrx_word' id='word_1_25' title='bbox 709 909 749 972; x_wconf 90' lang='lat' dir='ltr'>de</span> <span class='ocrx_word' id='word_1_26' title='bbox 765 929 849 992; x_wconf 89' lang='lat' dir='ltr'>pane</span> <span class='ocrx_word' id='word_1_27' title='bbox 869 906 1088 970; x_wconf 87' lang='lat' dir='ltr'>eeclesiastico</span> <span class='ocrx_word' id='word_1_28' title='bbox 1108 905 1287 990; x_wconf 89' lang='lat' dir='ltr'>prouidere.</span> <span class='ocrx_word' id='word_1_29' title='bbox 1305 902 1438 968; x_wconf 75' lang='grc'><strong>1101116-</strong></span> 
     </span>
     <span class='ocr_line' id='line_1_5' title="bbox 321 1009 1437 1096; baseline -0.012 -10"><span class='ocrx_word' id='word_1_30' title='bbox 321 1027 398 1086; x_wconf 87' lang='grc'><strong>6111</strong></span> <span class='ocrx_word' id='word_1_31' title='bbox 415 1019 584 1086; x_wconf 87' lang='lat' dir='ltr'>Maiestati</span> <span class='ocrx_word' id='word_1_32' title='bbox 609 1017 650 1084; x_wconf 80' lang='lat' dir='ltr'>V.</span> <span class='ocrx_word' id='word_1_33' title='bbox 676 1039 755 1082; x_wconf 88' lang='lat' dir='ltr'>saer.</span> <span class='ocrx_word' id='word_1_34' title='bbox 780 1015 974 1096; x_wconf 72' lang='lat' dir='ltr'>occasiones</span> <span class='ocrx_word' id='word_1_35' title='bbox 1000 1017 1068 1078; x_wconf 87' lang='lat' dir='ltr'>siue</span> <span class='ocrx_word' id='word_1_36' title='bbox 1095 1015 1128 1078; x_wconf 92' lang='lat' dir='ltr'>in</span> <span class='ocrx_word' id='word_1_37' title='bbox 1148 1009 1293 1094; x_wconf 75' lang='grc'><strong>(1161116,</strong></span> <span class='ocrx_word' id='word_1_38' title='bbox 1318 1015 1383 1077; x_wconf 89' lang='lat' dir='ltr'>siue</span> <span class='ocrx_word' id='word_1_39' title='bbox 1409 1011 1437 1074; x_wconf 93' lang='lat' dir='ltr'>in</span> 
     </span>
     <span class='ocr_line' id='line_1_6' title="bbox 321 1121 1439 1210; baseline -0.011 -15"><span class='ocrx_word' id='word_1_40' title='bbox 321 1129 490 1210; x_wconf 85' lang='lat' dir='ltr'>Bohemia,</span> <span class='ocrx_word' id='word_1_41' title='bbox 530 1125 648 1192; x_wconf 86' lang='lat' dir='ltr'>Silesia</span> <span class='ocrx_word' id='word_1_42' title='bbox 674 1132 732 1189; x_wconf 87' lang='grc'><strong>610.</strong></span> <span class='ocrx_word' id='word_1_43' title='bbox 758 1123 874 1205; x_wconf 91' lang='lat' dir='ltr'>quibus</span> <span class='ocrx_word' id='word_1_44' title='bbox 905 1124 967 1188; x_wconf 93' lang='lat' dir='ltr'>hoc</span> <span class='ocrx_word' id='word_1_45' title='bbox 983 1143 1055 1187; x_wconf 87' lang='grc'><strong>1160</strong></span> <span class='ocrx_word' id='word_1_46' title='bbox 1096 1122 1272 1187; x_wconf 87' lang='lat' dir='ltr'>infortunio</span> <span class='ocrx_word' id='word_1_47' title='bbox 1306 1127 1338 1186; x_wconf 87' lang='lat' dir='ltr'>et</span> <span class='ocrx_word' id='word_1_48' title='bbox 1354 1121 1439 1185; x_wconf 82' lang='lat' dir='ltr'>exilio</span> 
     </span>
     <span class='ocr_line' id='line_1_7' title="bbox 323 1230 1439 1319; baseline -0.008 -17"><span class='ocrx_word' id='word_1_49' title='bbox 323 1261 362 1302; x_wconf 87' lang='lat' dir='ltr'>ex</span> <span class='ocrx_word' id='word_1_50' title='bbox 379 1238 448 1302; x_wconf 90' lang='lat' dir='ltr'>sola</span> <span class='ocrx_word' id='word_1_51' title='bbox 464 1237 571 1319; x_wconf 71' lang='lat' dir='ltr'>gnatia</span> <span class='ocrx_word' id='word_1_52' title='bbox 595 1235 664 1298; x_wconf 90' lang='lat' dir='ltr'>siue</span> <span class='ocrx_word' id='word_1_53' title='bbox 690 1234 827 1298; x_wconf 90' lang='lat' dir='ltr'>aliorum</span> <span class='ocrx_word' id='word_1_54' title='bbox 843 1231 976 1313; x_wconf 79' lang='lat' dir='ltr'>inuidia,</span> <span class='ocrx_word' id='word_1_55' title='bbox 1001 1230 1086 1294; x_wconf 90' lang='lat' dir='ltr'>hanc</span> <span class='ocrx_word' id='word_1_56' title='bbox 1104 1253 1210 1296; x_wconf 91' lang='lat' dir='ltr'>meam</span> <span class='ocrx_word' id='word_1_57' title='bbox 1226 1235 1439 1314; x_wconf 77' lang='lat' dir='ltr'>paupertatem</span> 
     </span>
     <span class='ocr_line' id='line_1_8' title="bbox 322 1337 1438 1428; baseline -0.01 -17"><span class='ocrx_word' id='word_1_58' title='bbox 322 1347 494 1412; x_wconf 88' lang='lat' dir='ltr'>subleuare</span> <span class='ocrx_word' id='word_1_59' title='bbox 519 1367 579 1428; x_wconf 90' lang='lat' dir='ltr'>pro</span> <span class='ocrx_word' id='word_1_60' title='bbox 605 1347 751 1427; x_wconf 87' lang='lat' dir='ltr'>tempore</span> <span class='ocrx_word' id='word_1_61' title='bbox 776 1341 906 1426; x_wconf 84' lang='lat' dir='ltr'>poterit.</span> <span class='ocrx_word' id='word_1_62' title='bbox 932 1337 1027 1422; x_wconf 74' lang='lat' dir='ltr'>Quod</span> <span class='ocrx_word' id='word_1_63' title='bbox 1046 1361 1104 1423; x_wconf 85' lang='lat' dir='ltr'>ego</span> <span class='ocrx_word' id='word_1_64' title='bbox 1122 1338 1162 1406; x_wconf 91' lang='lat' dir='ltr'>V.</span> <span class='ocrx_word' id='word_1_65' title='bbox 1189 1339 1358 1404; x_wconf 87' lang='lat' dir='ltr'>Maiestati</span> <span class='ocrx_word' id='word_1_66' title='bbox 1375 1358 1438 1402; x_wconf 87' lang='lat' dir='ltr'>caes</span> 
     </span>
     <span class='ocr_line' id='line_1_9' title="bbox 321 1445 1441 1529; baseline -0.011 -9"><span class='ocrx_word' id='word_1_67' title='bbox 321 1457 370 1520; x_wconf 91' lang='lat' dir='ltr'>uti</span> <span class='ocrx_word' id='word_1_68' title='bbox 388 1455 520 1519; x_wconf 90' lang='lat' dir='ltr'>domino</span> <span class='ocrx_word' id='word_1_69' title='bbox 537 1453 620 1517; x_wconf 91' lang='lat' dir='ltr'>dom.</span> <span class='ocrx_word' id='word_1_70' title='bbox 638 1450 888 1516; x_wconf 89' lang='lat' dir='ltr'>clementissimo</span> <span class='ocrx_word' id='word_1_71' title='bbox 906 1447 1055 1514; x_wconf 83' lang='lat' dir='ltr'>omuibus</span> <span class='ocrx_word' id='word_1_72' title='bbox 1073 1453 1106 1512; x_wconf 93' lang='lat' dir='ltr'>et</span> <span class='ocrx_word' id='word_1_73' title='bbox 1122 1445 1272 1513; x_wconf 87' lang='lat' dir='ltr'>fidelibus</span> <span class='ocrx_word' id='word_1_74' title='bbox 1289 1445 1441 1529; x_wconf 85' lang='lat' dir='ltr'>obsequijs</span> 
     </span>
     <span class='ocr_line' id='line_1_10' title="bbox 323 1555 1440 1640; baseline -0.009 -12"><span class='ocrx_word' id='word_1_75' title='bbox 323 1569 356 1628; x_wconf 89' lang='lat' dir='ltr'>et</span> <span class='ocrx_word' id='word_1_76' title='bbox 381 1561 581 1628; x_wconf 88' lang='lat' dir='ltr'>orationibus</span> <span class='ocrx_word' id='word_1_77' title='bbox 599 1561 758 1624; x_wconf 87' lang='lat' dir='ltr'>reseruire</span> <span class='ocrx_word' id='word_1_78' title='bbox 774 1557 920 1622; x_wconf 80' lang='lat' dir='ltr'>studebo.</span> <span class='ocrx_word' id='word_1_79' title='bbox 937 1555 1089 1621; x_wconf 81' lang='lat' dir='ltr'>Clemens</span> <span class='ocrx_word' id='word_1_80' title='bbox 1101 1562 1134 1621; x_wconf 92' lang='lat' dir='ltr'>et</span> <span class='ocrx_word' id='word_1_81' title='bbox 1143 1558 1321 1639; x_wconf 87' lang='lat' dir='ltr'>gratiosum</span> <span class='ocrx_word' id='word_1_82' title='bbox 1339 1576 1440 1640; x_wconf 80' lang='lat' dir='ltr'>erpec</span> 
     </span>
     <span class='ocr_line' id='line_1_11' title="bbox 322 1678 610 1754; baseline -0.007 -18"><span class='ocrx_word' id='word_1_83' title='bbox 322 1678 396 1738; x_wconf 87' lang='lat' dir='ltr'>tans</span> <span class='ocrx_word' id='word_1_84' title='bbox 412 1692 610 1754; x_wconf 87' lang='lat' dir='ltr'>responsum.</span> 
     </span>
    </p>
   </div>
   <div class='ocr_carea' id='block_1_3' title="bbox 430 1813 775 1883">
    <p class='ocr_par' dir='ltr' id='par_1_3' title="bbox 430 1813 775 1883">
     <span class='ocr_line' id='line_1_12' title="bbox 430 1813 775 1883; baseline -0.003 -3"><span class='ocrx_word' id='word_1_85' title='bbox 430 1816 617 1881; x_wconf 85' lang='lat' dir='ltr'>Maiestatis</span> <span class='ocrx_word' id='word_1_86' title='bbox 634 1813 675 1883; x_wconf 89' lang='lat' dir='ltr'>V.</span> <span class='ocrx_word' id='word_1_87' title='bbox 696 1836 775 1879; x_wconf 89' lang='lat' dir='ltr'>sacr.</span> 
     </span>
    </p>
   </div>
   <div class='ocr_carea' id='block_1_4' title="bbox 877 1936 1416 2237">
    <p class='ocr_par' dir='ltr' id='par_1_4' title="bbox 877 1936 1416 2237">
     <span class='ocr_line' id='line_1_13' title="bbox 955 1936 1363 2018; baseline -0.005 -18"><span class='ocrx_word' id='word_1_88' title='bbox 955 1937 1156 2002; x_wconf 91' lang='lat' dir='ltr'>humillimus</span> <span class='ocrx_word' id='word_1_89' title='bbox 1176 1936 1363 2018; x_wconf 74' lang='lat' dir='ltr'>capellanus</span> 
     </span>
     <span class='ocr_line' id='line_1_14' title="bbox 984 2041 1345 2126; baseline -0.008 -17"><span class='ocrx_word' id='word_1_90' title='bbox 984 2045 1173 2109; x_wconf 87' lang='lat' dir='ltr'>Demetrius</span> <span class='ocrx_word' id='word_1_91' title='bbox 1188 2041 1345 2126; x_wconf 80' lang='lat' dir='ltr'>Napragi‚</span> 
     </span>
     <span class='ocr_line' id='line_1_15' title="bbox 877 2151 1416 2237; baseline -0.009 -19"><span class='ocrx_word' id='word_1_92' title='bbox 877 2155 915 2218; x_wconf 89' lang='lat' dir='ltr'>el.</span> <span class='ocrx_word' id='word_1_93' title='bbox 933 2154 1102 2237; x_wconf 86' lang='lat' dir='ltr'>episcopus</span> <span class='ocrx_word' id='word_1_94' title='bbox 1118 2151 1416 2217; x_wconf 77' lang='lat' dir='ltr'>Transiluanieusis</span> 
     </span>
    </p>
   </div>
   <div class='ocr_carea' id='block_1_5' title="bbox 322 2355 1438 2511">
    <p class='ocr_par' dir='ltr' id='par_1_5' title="bbox 322 2355 1438 2511">
     <span class='ocr_line' id='line_1_16' title="bbox 430 2355 1438 2433; baseline -0.008 -16"><span class='ocrx_word' id='word_1_95' title='bbox 430 2365 512 2418; x_wconf 77' lang='lat' dir='ltr'>Kim&#39;u&#39;l</span> <span class='ocrx_word' id='word_1_96' title='bbox 522 2385 530 2416; x_wconf 95' lang='lat'><em>:</em></span> <span class='ocrx_word' id='word_1_97' title='bbox 549 2363 715 2418; x_wconf 88' lang='lat' dir='ltr'>Humillimu</span> <span class='ocrx_word' id='word_1_98' title='bbox 731 2361 909 2433; x_wconf 79' lang='lat' dir='ltr'>supplicatio.</span> <span class='ocrx_word' id='word_1_99' title='bbox 927 2361 1064 2430; x_wconf 84' lang='lat' dir='ltr'>Demetrij</span> <span class='ocrx_word' id='word_1_100' title='bbox 1082 2358 1210 2430; x_wconf 85' lang='lat' dir='ltr'>Napragi</span> <span class='ocrx_word' id='word_1_101' title='bbox 1227 2359 1309 2414; x_wconf 85' lang='lat' dir='ltr'>electi</span> <span class='ocrx_word' id='word_1_102' title='bbox 1326 2355 1438 2430; x_wconf 78' lang='lat' dir='ltr'>episcopi</span> 
     </span>
     <span class='ocr_line' id='line_1_17' title="bbox 322 2455 591 2511; baseline 0.007 -3"><span class='ocrx_word' id='word_1_103' title='bbox 322 2455 591 2511; x_wconf 84' lang='lat' dir='ltr'>Transiluauiensis.</span> 
     </span>
    </p>
   </div>
   <div class='ocr_carea' id='block_1_6' title="bbox 595 2645 1172 2724">
    <p class='ocr_par' dir='ltr' id='par_1_6' title="bbox 595 2645 1172 2724">
     <span class='ocr_line' id='line_1_18' title="bbox 595 2645 1172 2724; baseline -0.007 -17"><span class='ocrx_word' id='word_1_104' title='bbox 595 2652 733 2724; x_wconf 77' lang='lat' dir='ltr'>(Mdsolat</span> <span class='ocrx_word' id='word_1_105' title='bbox 749 2673 766 2708; x_wconf 88' lang='lat' dir='ltr'>a</span> <span class='ocrx_word' id='word_1_106' title='bbox 783 2650 859 2707; x_wconf 74' lang='lat' dir='ltr'>becsi</span> <span class='ocrx_word' id='word_1_107' title='bbox 877 2671 916 2708; x_wconf 86' lang='lat' dir='ltr'>cs.</span> <span class='ocrx_word' id='word_1_108' title='bbox 934 2652 996 2708; x_wconf 86' lang='lat' dir='ltr'>titk.</span> <span class='ocrx_word' id='word_1_109' title='bbox 1014 2652 1044 2707; x_wconf 89' lang='lat' dir='ltr'>lt.</span> <span class='ocrx_word' id='word_1_110' title='bbox 1063 2645 1172 2720; x_wconf 83' lang='lat' dir='ltr'>Hung.)</span> 
     </span>
    </p>
   </div>
   <div class='ocr_carea' id='block_1_7' title="bbox 737 2968 1041 3232">
    <p class='ocr_par' dir='ltr' id='par_1_7' title="bbox 737 2968 1041 3232">
     <span class='ocr_line' id='line_1_19' title="bbox 858 2968 918 3038; baseline -0.067 0"><span class='ocrx_word' id='word_1_111' title='bbox 858 2968 918 3038; x_wconf 84' lang='lat' dir='ltr'>IV.</span> 
     </span>
     <span class='ocr_line' id='line_1_20' title="bbox 737 3149 1041 3232; baseline 0 -20"><span class='ocrx_word' id='word_1_112' title='bbox 737 3153 831 3213; x_wconf 89' lang='grc'><strong>1601.</strong></span> <span class='ocrx_word' id='word_1_113' title='bbox 849 3149 969 3232; x_wconf 77' lang='lat' dir='ltr'>april</span> <span class='ocrx_word' id='word_1_114' title='bbox 991 3153 1041 3212; x_wconf 89' lang='lat'>30.</span> 
     </span>
    </p>
   </div>
   <div class='ocr_carea' id='block_1_8' title="bbox 673 3323 1105 3407">
    <p class='ocr_par' dir='ltr' id='par_1_8' title="bbox 673 3323 1105 3407">
     <span class='ocr_line' id='line_1_21' title="bbox 673 3323 1105 3407; baseline -0.005 -17"><span class='ocrx_word' id='word_1_115' title='bbox 673 3337 797 3407; x_wconf 64' lang='lat' dir='ltr'>(lybicisy</span> <span class='ocrx_word' id='word_1_116' title='bbox 812 3337 943 3407; x_wconf 71' lang='lat' dir='ltr'>lduelec&#39;pe</span> <span class='ocrx_word' id='word_1_117' title='bbox 963 3323 1105 3390; x_wconf 75' lang='lat' dir='ltr'>Bdaedtoa.</span> 
     </span>
    </p>
   </div>
   <div class='ocr_carea' id='block_1_9' title="bbox 867 3507 907 3591">
    <p class='ocr_par' dir='ltr' id='par_1_9' title="bbox 867 3507 907 3591">
     <span class='ocr_line' id='line_1_22' title="bbox 867 3507 907 3591; baseline 0 0"><span class='ocrx_word' id='word_1_118' title='bbox 867 3507 907 3591; x_wconf 75' lang='lat' dir='ltr'>a)</span> 
     </span>
    </p>
   </div>
   <div class='ocr_carea' id='block_1_10' title="bbox 320 3681 1449 4752">
    <p class='ocr_par' dir='ltr' id='par_1_10' title="bbox 320 3681 1449 4752">
     <span class='ocr_line' id='line_1_23' title="bbox 430 3681 1444 3772; baseline -0.01 -16"><span class='ocrx_word' id='word_1_119' title='bbox 430 3688 656 3772; x_wconf 84' lang='lat' dir='ltr'>Sigismundus</span> <span class='ocrx_word' id='word_1_120' title='bbox 672 3689 725 3753; x_wconf 89' lang='lat' dir='ltr'>dei</span> <span class='ocrx_word' id='word_1_121' title='bbox 750 3689 859 3772; x_wconf 84' lang='lat' dir='ltr'>gratia</span> <span class='ocrx_word' id='word_1_122' title='bbox 875 3687 1148 3771; x_wconf 80' lang='lat' dir='ltr'>Traussyluaniae</span> <span class='ocrx_word' id='word_1_123' title='bbox 1165 3690 1197 3751; x_wconf 89' lang='lat' dir='ltr'>et</span> <span class='ocrx_word' id='word_1_124' title='bbox 1213 3687 1298 3752; x_wconf 88' lang='lat' dir='ltr'>sacri</span> <span class='ocrx_word' id='word_1_125' title='bbox 1313 3681 1444 3751; x_wconf 88' lang='lat' dir='ltr'>Romani</span> 
     </span>
     <span class='ocr_line' id='line_1_24' title="bbox 320 3795 1445 3882; baseline -0.006 -20"><span class='ocrx_word' id='word_1_126' title='bbox 320 3799 448 3882; x_wconf 90' lang='lat' dir='ltr'>imperii</span> <span class='ocrx_word' id='word_1_127' title='bbox 464 3798 615 3881; x_wconf 84' lang='lat' dir='ltr'>princeps</span> <span class='ocrx_word' id='word_1_128' title='bbox 632 3803 690 3860; x_wconf 89' lang='lat' dir='ltr'>eto.</span> <span class='ocrx_word' id='word_1_129' title='bbox 717 3797 887 3861; x_wconf 90' lang='lat' dir='ltr'>Uniuersis</span> <span class='ocrx_word' id='word_1_130' title='bbox 904 3802 937 3861; x_wconf 87' lang='lat' dir='ltr'>et</span> <span class='ocrx_word' id='word_1_131' title='bbox 954 3797 1098 3879; x_wconf 89' lang='lat' dir='ltr'>singulis,</span> <span class='ocrx_word' id='word_1_132' title='bbox 1130 3795 1372 3880; x_wconf 84' lang='lat' dir='ltr'>spectabilibus,</span> <span class='ocrx_word' id='word_1_133' title='bbox 1387 3813 1445 3856; x_wconf 85' lang='lat' dir='ltr'>ma·</span> 
     </span>
     <span class='ocr_line' id='line_1_25' title="bbox 321 3901 1446 3989; baseline -0.006 -20"><span class='ocrx_word' id='word_1_134' title='bbox 321 3903 448 3989; x_wconf 88' lang='lat' dir='ltr'>gnifieis</span> <span class='ocrx_word' id='word_1_135' title='bbox 465 3909 525 3968; x_wconf 89' lang='lat' dir='ltr'>etc.</span> <span class='ocrx_word' id='word_1_136' title='bbox 543 3901 678 3968; x_wconf 81' lang='lat' dir='ltr'>Cunctis</span> <span class='ocrx_word' id='word_1_137' title='bbox 705 3905 804 3969; x_wconf 90' lang='lat' dir='ltr'>etiam</span> <span class='ocrx_word' id='word_1_138' title='bbox 830 3905 903 3969; x_wconf 89' lang='lat' dir='ltr'>aliis</span> <span class='ocrx_word' id='word_1_139' title='bbox 920 3905 1068 3988; x_wconf 88' lang='lat' dir='ltr'>quolibet</span> <span class='ocrx_word' id='word_1_140' title='bbox 1083 3901 1190 3969; x_wconf 87' lang='lat' dir='ltr'>officio</span> <span class='ocrx_word' id='word_1_141' title='bbox 1201 3909 1235 3968; x_wconf 89' lang='lat' dir='ltr'>et</span> <span class='ocrx_word' id='word_1_142' title='bbox 1249 3903 1446 3987; x_wconf 75' lang='lat' dir='ltr'>praefectura</span> 
     </span>
     <span class='ocr_line' id='line_1_26' title="bbox 321 4011 1447 4096; baseline -0.007 -18"><span class='ocrx_word' id='word_1_143' title='bbox 321 4012 531 4096; x_wconf 86' lang='lat' dir='ltr'>fungentibus</span> <span class='ocrx_word' id='word_1_144' title='bbox 549 4033 723 4095; x_wconf 86' lang='lat' dir='ltr'>eorumque</span> <span class='ocrx_word' id='word_1_145' title='bbox 734 4014 819 4078; x_wconf 79' lang='lat' dir='ltr'>uices</span> <span class='ocrx_word' id='word_1_146' title='bbox 836 4014 1032 4096; x_wconf 86' lang='lat' dir='ltr'>gerentibus,</span> <span class='ocrx_word' id='word_1_147' title='bbox 1049 4019 1142 4078; x_wconf 87' lang='lat' dir='ltr'>extra</span> <span class='ocrx_word' id='word_1_148' title='bbox 1151 4013 1283 4095; x_wconf 90' lang='lat' dir='ltr'>quidem</span> <span class='ocrx_word' id='word_1_149' title='bbox 1299 4011 1447 4076; x_wconf 88' lang='lat' dir='ltr'>ditionem</span> 
     </span>
     <span class='ocr_line' id='line_1_27' title="bbox 322 4116 1447 4204; baseline -0.007 -19"><span class='ocrx_word' id='word_1_150' title='bbox 322 4125 468 4185; x_wconf 87' lang='lat' dir='ltr'>nostram</span> <span class='ocrx_word' id='word_1_151' title='bbox 484 4121 669 4186; x_wconf 87' lang='lat' dir='ltr'>const&#39;tutis</span> <span class='ocrx_word' id='word_1_152' title='bbox 686 4127 719 4186; x_wconf 89' lang='lat' dir='ltr'>et</span> <span class='ocrx_word' id='word_1_153' title='bbox 736 4122 1017 4204; x_wconf 71' lang='lat' dir='ltr'>commorantibus</span> <span class='ocrx_word' id='word_1_154' title='bbox 1028 4122 1167 4187; x_wconf 90' lang='lat' dir='ltr'>dominis</span> <span class='ocrx_word' id='word_1_155' title='bbox 1185 4127 1218 4186; x_wconf 89' lang='lat' dir='ltr'>et</span> <span class='ocrx_word' id='word_1_156' title='bbox 1233 4121 1346 4186; x_wconf 87' lang='lat' dir='ltr'>amieis</span> <span class='ocrx_word' id='word_1_157' title='bbox 1362 4116 1447 4185; x_wconf 90' lang='lat' dir='ltr'>uobis</span> 
     </span>
     <span class='ocr_line' id='line_1_28' title="bbox 322 4229 1448 4297; baseline -0.005 -3"><span class='ocrx_word' id='word_1_158' title='bbox 322 4229 520 4294; x_wconf 87' lang='lat' dir='ltr'>honorandis</span> <span class='ocrx_word' id='word_1_159' title='bbox 537 4230 675 4294; x_wconf 89' lang='lat' dir='ltr'>salutem</span> <span class='ocrx_word' id='word_1_160' title='bbox 693 4237 725 4296; x_wconf 91' lang='lat' dir='ltr'>et</span> <span class='ocrx_word' id='word_1_161' title='bbox 741 4231 843 4295; x_wconf 86' lang='lat' dir='ltr'>nostri</span> <span class='ocrx_word' id='word_1_162' title='bbox 862 4229 1181 4295; x_wconf 88' lang='lat' dir='ltr'>commendationem.</span> <span class='ocrx_word' id='word_1_163' title='bbox 1214 4229 1365 4297; x_wconf 87' lang='lat' dir='ltr'>Subditis</span> <span class='ocrx_word' id='word_1_164' title='bbox 1381 4246 1448 4294; x_wconf 88' lang='lat' dir='ltr'>rem</span> 
     </span>
     <span class='ocr_line' id='line_1_29' title="bbox 322 4336 1448 4421; baseline -0.003 -19"><span class='ocrx_word' id='word_1_165' title='bbox 322 4337 442 4402; x_wconf 88' lang='lat' dir='ltr'>nostris</span> <span class='ocrx_word' id='word_1_166' title='bbox 458 4337 599 4419; x_wconf 85' lang='lat' dir='ltr'>gratiam</span> <span class='ocrx_word' id='word_1_167' title='bbox 623 4345 777 4403; x_wconf 90' lang='lat' dir='ltr'>nostram.</span> <span class='ocrx_word' id='word_1_168' title='bbox 794 4336 1027 4420; x_wconf 84' lang='lat' dir='ltr'>Expedivimus</span> <span class='ocrx_word' id='word_1_169' title='bbox 1053 4339 1273 4420; x_wconf 86' lang='lat' dir='ltr'>praesentium</span> <span class='ocrx_word' id='word_1_170' title='bbox 1290 4339 1448 4421; x_wconf 88' lang='lat' dir='ltr'>egregium</span> 
     </span>
     <span class='ocr_line' id='line_1_30' title="bbox 322 4443 1449 4534; baseline -0.005 -22"><span class='ocrx_word' id='word_1_171' title='bbox 322 4447 536 4512; x_wconf 82' lang='lat' dir='ltr'>Eustachium</span> <span class='ocrx_word' id='word_1_172' title='bbox 561 4445 706 4534; x_wconf 81' lang='lat' dir='ltr'>Giulaffy</span> <span class='ocrx_word' id='word_1_173' title='bbox 723 4449 763 4513; x_wconf 92' lang='grc'>(16</span> <span class='ocrx_word' id='word_1_174' title='bbox 779 4447 920 4512; x_wconf 84' lang='lat' dir='ltr'>Ratottb</span> <span class='ocrx_word' id='word_1_175' title='bbox 946 4447 1040 4512; x_wconf 90' lang='lat' dir='ltr'>aulae</span> <span class='ocrx_word' id='word_1_176' title='bbox 1065 4451 1196 4512; x_wconf 86' lang='lat' dir='ltr'>nostrae</span> <span class='ocrx_word' id='word_1_177' title='bbox 1212 4447 1407 4513; x_wconf 88' lang='lat' dir='ltr'>familiarem</span> <span class='ocrx_word' id='word_1_178' title='bbox 1420 4443 1449 4508; x_wconf 88' lang='lat' dir='ltr'>in</span> 
     </span>
     <span class='ocr_line' id='line_1_31' title="bbox 322 4551 1449 4639; baseline -0.004 -20"><span class='ocrx_word' id='word_1_179' title='bbox 322 4560 432 4638; x_wconf 90' lang='lat' dir='ltr'>partes</span> <span class='ocrx_word' id='word_1_180' title='bbox 448 4553 639 4639; x_wconf 89' lang='lat' dir='ltr'>Hungariae</span> <span class='ocrx_word' id='word_1_181' title='bbox 655 4555 697 4620; x_wconf 88' lang='lat' dir='ltr'>ad</span> <span class='ocrx_word' id='word_1_182' title='bbox 712 4556 825 4620; x_wconf 84' lang='lat' dir='ltr'>illmum</span> <span class='ocrx_word' id='word_1_183' title='bbox 844 4554 1009 4619; x_wconf 90' lang='lat' dir='ltr'>domiuum</span> <span class='ocrx_word' id='word_1_184' title='bbox 1025 4551 1205 4637; x_wconf 84' lang='lat' dir='ltr'>Georgium</span> <span class='ocrx_word' id='word_1_185' title='bbox 1221 4552 1335 4637; x_wconf 87' lang='lat' dir='ltr'>Basta,</span> <span class='ocrx_word' id='word_1_186' title='bbox 1352 4551 1449 4639; x_wconf 90' lang='lat' dir='ltr'>publi-</span> 
     </span>
     <span class='ocr_line' id='line_1_32' title="bbox 324 4661 1449 4752; baseline -0.004 -20"><span class='ocrx_word' id='word_1_187' title='bbox 324 4663 486 4752; x_wconf 80' lang='lat' dir='ltr'>caeparia</span> <span class='ocrx_word' id='word_1_188' title='bbox 502 4667 536 4727; x_wconf 89' lang='lat' dir='ltr'>et</span> <span class='ocrx_word' id='word_1_189' title='bbox 551 4664 789 4750; x_wconf 88' lang='lat' dir='ltr'>tranquilitatis</span> <span class='ocrx_word' id='word_1_190' title='bbox 806 4683 912 4730; x_wconf 89' lang='lat' dir='ltr'>causa.</span> <span class='ocrx_word' id='word_1_191' title='bbox 924 4661 1067 4729; x_wconf 90' lang='lat' dir='ltr'>Proinde</span> <span class='ocrx_word' id='word_1_192' title='bbox 1078 4661 1316 4730; x_wconf 85' lang='lat' dir='ltr'>dominationes</span> <span class='ocrx_word' id='word_1_193' title='bbox 1332 4669 1449 4730; x_wconf 69' lang='grc'><strong>1661163</strong></span> 
     </span>
    </p>
   </div>
   <div class='ocr_carea' id='block_1_11' title="bbox 0 0 1548 5412">
    <p class='ocr_par' dir='ltr' id='par_1_11' title="bbox 0 0 1548 5412">
     <span class='ocr_line' id='line_1_33' title="bbox 0 0 1548 5412; baseline 0 0"><span class='ocrx_word' id='word_1_194' title='bbox 0 0 1548 5412; x_wconf 95' lang='lat' dir='ltr'> </span> 
     </span>
    </p>
   </div>
  </div>
 </body>
</html>
