3042 5404
300 420 366 482 224
670 431 789 480 nanum
805 431 1057 485 osszloerdutsss.

298 605 373 680 tem,
383 596 471 682 quod
481 603 603 682 quanto
614 597 657 661 sit
666 595 733 661 Mti
742 595 832 664 Vrae
842 618 923 663 saer.
938 597 1152 682 incommode,
1162 598 1253 664 Mtas
1261 598 1332 666 Vra
1347 617 1418 662 saer.

298 727 358 790 pro
374 702 531 770 ineffabili
547 725 605 769 sua
620 701 794 788 prudentia
809 703 906 770 facile
921 703 1087 772 iudicabit

409 815 459 878 12.
485 809 624 877 Ordines
649 811 835 896 supplicant
858 813 978 878 iterum
1002 821 1102 897 atque
1127 813 1254 898 itanum,
1278 817 1316 879 ut
1338 813 1421 878 litas
1483 897 1487 906 1

299 919 390 990 Vrae
405 941 485 986 saer.
501 925 613 986 teneat
638 920 816 985 exercitum
839 920 875 985 in
890 919 1147 1006 Traussyluania
1165 923 1312 1007 pecuniis
1325 922 1420 987 viven-

301 1036 376 1112 tem,
391 1048 457 1092 non
472 1027 597 1112 rapina,
613 1027 662 1093 uti
677 1027 843 1094 hactenus
868 1025 957 1092 Nam
973 1029 1082 1094 emnia
1097 1029 1246 1096 omuibus
1263 1027 1420 1095 ordinibus

302 1143 414 1221 erepta
429 1141 506 1200 sunt
530 1157 589 1220 per
613 1136 678 1201 vim
702 1142 736 1200 et
761 1134 884 1220 absque
908 1136 1023 1220 pretio,
1040 1156 1144 1221 neque
1162 1137 1198 1202 in
1213 1135 1340 1202 debitos
1353 1157 1423 1200 usus

302 1264 464 1328 conversa,
480 1243 536 1310 sed
552 1249 628 1310 ante
653 1251 780 1329 tempus
805 1243 1018 1328 prodigaliter
1036 1251 1237 1330 consumpta.
1253 1243 1327 1330 Quo
1343 1243 1423 1310 effac

301 1361 373 1419 tum
389 1359 446 1437 est,
462 1358 500 1419 ut
518 1354 614 1418 multi
630 1355 718 1419 omni
741 1373 777 1418 re
801 1373 860 1418 sua
878 1353 1019 1438 spoliati,
1035 1351 1121 1419 fame
1136 1355 1313 1439 perierunt,
1329 1359 1361 1418 et
1375 1353 1423 1418 ad-

303 1461 367 1526 hue
381 1462 491 1546 plures
501 1462 608 1546 perire
618 1481 746 1527 necesse
756 1467 813 1526 cst.
830 1459 902 1526 Imo
912 1459 1176 1527 animadvertunt
1191 1462 1322 1528 ordines
1336 1462 1424 1528 etiem

303 1569 374 1652 hoc,
398 1567 486 1653 quod
503 1575 679 1652 antequam
695 1568 804 1653 falces,
819 1568 929 1653 fruges
945 1570 1076 1651 intrent,
1102 1571 1165 1636 nisi
1180 1569 1272 1636 Mtas
1288 1570 1359 1638 Vra
1372 1570 1424 1634 ali·

303 1677 390 1742 unde
404 1676 582 1762 provideat,
598 1684 805 1760 commeatus,
822 1699 885 1761 quo
910 1677 1030 1743 milites
1050 1677 1192 1761 alantur,
1208 1677 1254 1744 ibi
1270 1699 1335 1745 non
1350 1679 1426 1742 ime

306 1785 449 1850 riantur.

414 1896 463 1958 13.
479 1890 658 1976 Postremo,
677 1897 776 1958 orant
791 1891 923 1958 ordines
941 1891 1052 1960 debita
1067 1891 1276 1977 subiectione,
1292 1901 1331 1960 ut
1345 1893 1428 1960 Mtas

185 2043 192 2052 ·
304 2001 376 2071 Vra
400 2019 481 2066 saer.
506 1999 694 2083 diligentem
719 1998 875 2065 adhibere
901 2021 1012 2066 curam
1027 2001 1114 2085 velit,
1130 2021 1171 2066 ne
1187 2000 1429 2087 Transsylranis

303 2109 338 2172 in
353 2128 469 2173 manus
494 2106 635 2173 hostium
661 2106 810 2173 deveniat
828 2128 906 2172 neve
923 2107 1052 2174 ordines
1067 2113 1167 2194 atque
1183 2116 1256 2176 tota
1271 2110 1429 2195 prouincia

305 2237 378 2281 cum
394 2214 548 2282 uxoribus
564 2221 597 2280 et
612 2213 731 2299 liberis,
754 2216 1028 2299 periculosissima
1043 2215 1314 2302 peregrinatione,
1330 2219 1429 2282 aliens

304 2345 406 2408 regna
422 2331 454 2390 et
469 2329 557 2390 tecta
572 2329 683 2409 petere
699 2329 866 2408 cogantur.
885 2323 1031 2389 Maxime
1047 2346 1120 2390 cum
1136 2325 1303 2409 provincia
1319 2325 1431 2391 Trans-

306 2430 472 2517 sylvaniea
487 2429 529 2496 ab
546 2437 704 2516 superte,
720 2429 776 2498 ubi
792 2431 856 2497 sita
880 2438 938 2515 est,
954 2433 1236 2517 propugnaculum
1261 2434 1431 2498 multarum

306 2539 557 2623 provinciarum,
574 2547 674 2622 atque
701 2538 783 2605 adeo
808 2539 911 2606 totius
936 2538 1186 2606 christianitatis
1210 2548 1389 2623 censeatur,
1403 2541 1433 2603 in

306 2667 409 2730 eoque
425 2646 468 2713 sit
492 2646 564 2712 loco
590 2647 779 2730 constituta,
804 2653 842 2712 ut
866 2647 893 2712 si
909 2667 980 2712 eam
1004 2647 1038 2712 in
1054 2668 1169 2712 manus
1184 2646 1338 2731 hostium,
1354 2647 1433 2734 quod

306 2754 387 2820 deus
402 2760 468 2838 opt.
485 2774 570 2819 max.
586 2751 724 2838 benigne
740 2761 876 2839 avertat,
886 2753 1036 2821 devenire
1046 2756 1223 2840 contingat,
1238 2757 1352 2822 multis
1367 2755 1435 2820 inde

307 2862 481 2947 provinciis
496 2861 599 2928 hostis
614 2869 808 2928 nocumento
824 2883 891 2929 esse
907 2865 1017 2947 possit.

419 2975 469 3037 14.
486 2967 578 3054 Quae
588 2972 696 3036 omnia
706 2992 778 3037 cum
788 2972 837 3037 ita
853 2992 887 3036 se
902 2969 1055 3054 habeant,
1071 2991 1110 3038 ac
1124 2970 1311 3056 provinciae
1322 2971 1437 3037 Tram-

309 3080 474 3166 syluaniae
499 3079 643 3145 tenuitas
667 3078 835 3164 hostisque
858 3081 1038 3163 pernitiosa
1061 3080 1096 3144 in
1111 3080 1277 3164 prouincia
1302 3079 1437 3146 intentio

308 3187 376 3254 Mti
391 3188 481 3256 Vrae
496 3208 609 3254 sacrae
618 3193 699 3254 nota
717 3187 768 3272 sit,
784 3185 914 3254 ordines
929 3188 1114 3273 provinciae
1124 3187 1230 3253 Mtem
1246 3187 1351 3256 Vram
1363 3208 1438 3253 saer.

310 3294 536 3362 demississime
560 3301 665 3386 orant,
690 3317 754 3380 quo
781 3295 861 3361 certi
886 3295 1011 3380 aliquid
1036 3315 1110 3362 eum
1134 3295 1228 3361 hoste
1254 3296 1289 3360 in
1305 3297 1439 3361 salutem

309 3404 584 3490 Transsylvaniae
610 3404 808 3470 constituere
833 3405 1007 3469 clementer
1026 3403 1114 3486 velit,
1130 3424 1203 3468 cum
1219 3422 1258 3468 ea
1274 3425 1309 3468 re
1326 3405 1360 3469 in
1377 3405 1440 3468 eius

310 3513 497 3600 provinciae
512 3512 651 3578 salutem
677 3509 991 3596 christianitatisque
1016 3511 1269 3577 emolumentum
1284 3511 1368 3576 nihil
1383 3511 1441 3576 uti-

308 3623 372 3688 lius
388 3621 430 3687 sit
446 3619 600 3685 futurum.

420 3733 470 3794 15.
487 3727 669 3812 Postremo,
695 3726 815 3793 adsunt
840 3727 1009 3793 civitatum
1034 3723 1237 3810 Oibiniensis,
1262 3723 1443 3810 Segesvari-

311 3837 408 3918 ensis,
423 3835 667 3902 Brassouieusis
692 3835 774 3901 alias
799 3833 993 3901 Ueronensis
1018 3840 1052 3899 et
1077 3832 1302 3918 Claudiopolis
1318 3833 1444 3899 urbium

310 3943 585 4029 Transsylvaniae
600 3943 733 4027 nunctii,
743 3942 784 4008 de
798 3943 935 4028 privatis
950 3941 1046 4008 rebus
1057 3941 1123 4007 suis
1131 3939 1237 4007 Mtem
1247 3941 1352 4010 Vram
1367 3963 1444 4008 sacr.

310 4051 472 4136 supplices
488 4051 685 4135 requisituri.
711 4047 802 4134 Quos
826 4055 866 4116 ut
882 4048 964 4114 Maus
979 4047 1045 4118 vra
1063 4069 1144 4116 sacr.
1162 4069 1201 4114 ex
1217 4049 1374 4115 immensa
1389 4069 1446 4114 sua

310 4159 462 4227 bonitate
478 4165 512 4225 et
529 4159 683 4225 exaudire
699 4165 732 4224 et
748 4161 781 4224 in
792 4157 941 4225 omnibus
956 4157 1005 4241 iia,
1021 4178 1104 4242 quae
1120 4178 1138 4223 e
1153 4178 1189 4222 re
1204 4157 1380 4222 earundem
1395 4177 1446 4222 ur-

310 4270 400 4335 bium
415 4268 484 4333 visa
500 4267 630 4353 suerint,
646 4267 823 4352 benignum
848 4289 1037 4352 respensmn
1053 4267 1099 4332 eis
1115 4265 1194 4331 dare
1210 4267 1298 4350 velit,
1316 4265 1446 4332 ordines

312 4376 498 4463 provinciae
514 4373 786 4460 Transsylvaniae
810 4377 930 4440 iterum
945 4381 1046 4458 atque
1060 4374 1179 4440 iterum
1195 4374 1358 4458 supplices
1372 4373 1434 4439 Mai

312 4485 393 4558 Vnae
411 4505 492 4550 saer.
508 4504 543 4549 se
561 4482 722 4549 exhibent.

507 4597 664 4674 (Eredctije
679 4618 697 4654 a
712 4596 790 4655 bdesi
806 4600 873 4657 udv.
893 4599 1021 4655 kamarai
1037 4598 1070 4654 lt.
1087 4598 1160 4654 Sieb.
1178 4592 1253 4667 Aet.)
