3218 5424
379 535 444 601 598
751 549 869 600 menn
884 547 1136 602 omzloerttmtssr.

379 717 568 800 tissimaqne
583 715 740 800 obsequis
753 715 933 782 humillime
948 713 1121 801 offerendo,
1136 727 1312 804 precantur
1327 715 1367 784 ab
1381 715 1481 803 optino

378 826 519 890 marimo
535 823 596 890 deo
621 823 684 890 Mli
716 823 797 891 vtae
822 825 923 890 ritum
938 823 1107 892 florentem
1123 831 1157 891 et
1173 825 1367 909 diuturnam,
1389 825 1484 892 felicis·

377 933 541 1018 simosque
564 954 673 998 rernm
698 933 843 998 omnium
858 954 1033 1000 successus.
1049 932 1127 1000 Non
1142 935 1291 1002 existimo
1307 955 1415 1018 operae
1427 955 1485 1018 pre

378 1042 461 1106 tium
476 1062 545 1106 esse
571 1062 681 1108 coram
696 1040 764 1106 Mae
778 1039 842 1108 Vra
857 1061 938 1108 sacr.
954 1063 1152 1127 enumerare,
1168 1064 1268 1126 quam
1282 1042 1486 1110 miserabiliter

377 1147 613 1234 Trans51rania
629 1147 794 1234 quondam
808 1147 928 1215 florens
942 1149 1032 1216 hisce
1047 1172 1207 1217 annorum
1222 1149 1349 1216 bellicis
1364 1149 1485 1217 tumulti·

377 1258 438 1324 bus
464 1263 580 1326 vexata
604 1257 712 1342 fuerit,
727 1281 801 1324 cum
825 1257 861 1324 id
884 1259 984 1325 nnlhs
998 1259 1106 1326 verbis
1122 1260 1202 1325 satis
1217 1259 1378 1326 declarari
1391 1263 1486 1343 posset

377 1389 483 1451 neque
507 1367 710 1452 propositum
734 1367 778 1431 sit
801 1365 877 1431 Mun
900 1366 981 1434 Vrsa
1007 1365 1163 1450 benignas
1187 1389 1283 1432 aures
1308 1368 1380 1433 aliis
1399 1365 1485 1432 verbis

378 1495 523 1556 onerare,
547 1495 647 1558 qnam
669 1473 871 1540 humillimas
886 1475 1042 1559 principis
1058 1475 1120 1539 mei
1136 1475 1292 1560 regnique
1309 1473 1487 1540 Transsilm·

377 1584 451 1649 niae
474 1583 649 1666 petitiones
672 1603 850 1668 recensere,
866 1603 947 1668 quas
962 1589 1000 1648 ut
1024 1583 1162 1667 benigne
1188 1582 1350 1666 exaudiat,
1370 1583 1486 1649 demisse

377 1690 474 1758 Mrem
490 1690 584 1760 Vram
599 1713 666 1759 oro.

484 1798 633 1866 Primum
657 1797 797 1886 quidem,
822 1798 910 1882 quod
935 1797 1064 1866 ordines
1083 1803 1116 1865 et
1132 1805 1238 1865 status
1263 1799 1356 1866 iustis
1380 1804 1411 1864 et
1433 1819 1486 1864 cer·

379 1911 421 1977 tis
437 1909 477 1975 de
494 1911 600 1976 camis
616 1913 715 1993 atque
732 1906 972 1974 inevitabilibus
997 1907 1131 1973 adducti
1150 1909 1404 1990 necessitatibus,
1420 1925 1488 1989 quae

379 2041 460 2085 sacr.
476 2017 538 2083 Mei
559 2017 640 2085 vtae
655 2018 721 2082 iam
736 2023 836 2082 autea
851 2016 936 2081 binis
947 2017 1048 2081 etiam
1063 2016 1185 2082 vicibus
1193 2038 1254 2101 per
1274 2017 1490 2084 serenissimum

378 2127 558 2214 principem
573 2124 736 2191 Mathiam
762 2123 968 2191 archiducem
985 2130 1045 2190 etc.
1064 2123 1172 2190 lucide
1191 2125 1360 2190 declarata
1374 2123 1489 2204 suntin

379 2235 522 2302 defuncti
532 2233 697 2318 quondam
706 2234 863 2318 principis
873 2233 980 2300 locum
996 2233 1065 2298 sinc
1074 2234 1239 2318 praescita
1248 2232 1323 2298 Mai:
1338 2231 1490 2301 Vrsae.

379 2361 497 2410 novum
513 2343 670 2427 elegerint
685 2342 874 2427 principem,
893 2341 1073 2408 humillime
1089 2363 1109 2406 a
1124 2363 1205 2407 sacr.
1221 2341 1288 2406 Moe
1303 2340 1367 2410 Vra
1382 2342 1490 2406 venian

378 2453 603 2538 deprecantur.
623 2449 880 2518 Clementissime
905 2449 967 2517 sibi
991 2449 1188 2536 peravadens
1207 2449 1291 2518 Meas
1306 2451 1369 2520 Vra
1385 2451 1490 2517 factum

379 2561 461 2628 illud
485 2566 613 2627 tantum
629 2560 751 2644 abesse,
767 2565 805 2625 ut
829 2561 1003 2644 quicquam
1019 2557 1093 2624 Meis
1108 2559 1189 2630 Vnae
1206 2559 1358 2645 dignitati
1375 2559 1491 2642 deroga·

379 2669 470 2752 verit,
495 2673 533 2734 ut
556 2668 665 2754 potius
689 2667 866 2752 plurimum
891 2668 1052 2734 successui
1077 2688 1186 2734 rerum
1211 2689 1343 2734 suarum
1358 2665 1491 2734 attulerit

379 2778 542 2844 momenti.

486 2884 614 2951 Deinde
630 2891 667 2951 ut
683 2907 764 2952 sacr.
780 2883 863 2951 Meas
879 2883 945 2955 vra
961 2885 1144 2952 universam
1159 2885 1417 2952 Transilvaniam
1431 2903 1491 2948 cum

380 2993 529 3080 partibus
554 2993 617 3059 sibi
641 2993 883 3060 subiacentibus
907 2994 941 3058 in
957 2994 1103 3078 antiquis
1119 2994 1187 3059 suis
1201 2993 1455 3060 immunitatibus
1466 2991 1493 3052 et

380 3101 598 3184 libertatibus,
624 3101 740 3186 quibus
760 3107 941 3186 atempore
957 3101 999 3168 D.
1016 3101 1179 3186 quondam
1194 3101 1397 3167 Ferdinandi
1411 3103 1492 3181 impe·

382 3211 510 3294 rebaris,
525 3231 627 3296 usque
644 3209 686 3276 ad
705 3225 833 3275 sermum
854 3209 1098 3294 Sigismundum
1113 3211 1317 3276 Bathoreum
1332 3211 1492 3296 principem

382 3328 441 3388 etc.
467 3320 619 3385 continue
634 3339 693 3384 usa
709 3323 742 3383 et
757 3319 866 3403 gavisa
882 3325 940 3402 est,
956 3341 1037 3403 quas
1052 3317 1135 3384 Meas
1151 3341 1280 3404 quoque
1296 3319 1361 3388 Vra
1378 3339 1454 3384 sacr.
1467 3315 1493 3379 in

381 3429 554 3498 novissima
578 3428 774 3494 tractatione
799 3427 968 3513 Progensi,
983 3428 1141 3512 peculiari
1156 3427 1334 3512 diplomate
1349 3449 1388 3494 ac
1403 3422 1493 3509 sigillo

382 3537 571 3606 authentico
596 3533 779 3620 ratificarit,
812 3535 950 3622 benigne
990 3557 1181 3603 conservare
1206 3539 1240 3602 el
1263 3543 1430 3620 protegere
1457 3529 1494 3594 di·

381 3653 510 3734 gnetur.

488 3751 646 3820 Potentes
671 3752 769 3819 etiam
785 3751 974 3838 humillime,
989 3757 1028 3819 ut
1043 3759 1190 3819 nostrum
1205 3751 1394 3818 modernum
1409 3745 1494 3815 domi·

381 3886 459 3932 num
474 3885 513 3930 ac
528 3861 707 3948 principem
717 3861 891 3928 secundum
901 3863 1056 3928 usitatam
1065 3859 1189 3926 liberae
1199 3867 1329 3926 nostrae
1345 3855 1494 3926 electionis

381 3973 642 4060 praerogativam
659 3969 872 4036 concordibus
888 3970 1031 4036 omnium
1046 3969 1131 4034 votis
1147 3975 1179 4033 et
1195 3966 1356 4052 suffragiis
1371 3967 1492 4032 electum

382 4105 442 4170 pro
458 4081 605 4166 legitimo
620 4079 767 4163 principe
783 4083 894 4143 nostro
910 4097 1095 4163 agnoscere,
1111 4078 1205 4161 eique
1222 4076 1354 4142 titulum
1370 4096 1431 4160 qno
1444 4071 1494 4136 nti-

383 4201 439 4261 tur
453 4191 592 4275 benigne
608 4188 752 4254 tribuere
763 4186 923 4270 dignetur.

490 4297 649 4365 Aemulos
664 4295 777 4360 verosi
794 4294 851 4378 qui
866 4301 981 4377 essent,
991 4294 1194 4378 potissimum
1209 4313 1285 4358 vero
1301 4291 1494 4360 Valentinum

382 4407 513 4492 Druget
528 4405 568 4472 de
584 4403 768 4485 Homonua,
785 4403 841 4486 qui
853 4408 967 4468 contra
981 4403 1184 4468 voluntatem
1199 4401 1434 4483 regnicolarum
1448 4413 1494 4480 prr

383 4517 433 4584 los
452 4523 485 4582 et
510 4513 609 4597 nefas,
636 4510 824 4578 effusionem
849 4511 1011 4593 sangoinis
1035 4531 1134 4595 opera
1157 4508 1340 4574 Turcarum
1359 4508 1495 4574 Tartaro·

383 4643 520 4706 rumque
545 4619 732 4705 nrinitaudo,
751 4619 972 4706 principatum
989 4617 1249 4686 Transsilvaniae
1266 4616 1329 4682 sihi
1343 4613 1493 4681 vendicare

382 4737 526 4816 certatur,
551 4751 631 4796 sator.
647 4727 729 4794 Mans
745 4727 811 4798 Vra
830 4735 866 4794 ut
881 4734 1008 4794 mature
1024 4731 1242 4812 compesceret
1257 4725 1392 4792 demisse
1406 4723 1493 4796 orant,
