3032 5418
529 511 623 567 1606.
639 530 701 568 οκτ.
719 513 747 568 3.
1082 523 1087 534 ¹
1109 505 1172 567 427

50 681 196 765 quamdiu
221 687 255 748 et
279 705 415 767 reguum
440 687 586 750 nostrum
606 681 800 766 Hungariae
819 689 852 747 et
868 685 971 767 ipsam
988 682 1173 750 Transilva·

49 789 128 854 niam
153 789 224 856 dire
248 791 419 876 pervagati
436 797 520 874 sunt,
536 791 570 856 iu
586 791 711 858 sincero
728 813 767 857 ae
782 790 870 856 fideli
886 796 999 856 nostro
1015 792 1172 875 obsequio

49 897 196 982 pollicitis
212 919 252 964 ac
267 899 437 984 promissis
457 900 606 965 omnibus
625 900 772 984 exclusis,
789 901 858 966 sine
873 900 1082 966 uacillatione
1100 923 1173 966 con·

49 1013 129 1072 stans
139 1006 356 1074 etimmobilis
372 1008 526 1092 perstitit,
542 1009 577 1073 in
592 1007 688 1074 rebus
705 1013 737 1074 et
752 1008 846 1074 bonis
862 1009 936 1091 suis,
954 1029 1038 1092 quae
1053 1007 1173 1076 ibidem

50 1115 150 1199 ampla
166 1115 292 1198 habuit,
302 1116 574 1202 illequeunucum
584 1137 686 1182 uxore
702 1121 735 1181 et
751 1115 861 1182 liberis
871 1121 1006 1202 propter
1016 1115 1174 1184 Nostram

50 1222 253 1291 Maiestatem
270 1225 447 1310 datamque
471 1225 565 1292 nobis
590 1223 687 1291 fidem
710 1226 854 1310 reliquit,
878 1227 1025 1310 ingentia
1056 1227 1174 1292 damna

50 1353 156 1416 passus
181 1339 239 1416 est,
266 1335 475 1418 captivitates
495 1339 528 1398 et
544 1333 670 1400 diversa
685 1334 783 1400 exilia
798 1333 882 1399 forte
898 1335 1005 1400 animo
1021 1335 1174 1400 toleravit

51 1447 80 1504 ot
100 1442 245 1524 pertulit,
269 1443 525 1527 sanguinemque
550 1443 649 1508 etiam
664 1441 860 1527 profundere
876 1465 941 1508 non
958 1442 1119 1509 dubitavit
1135 1463 1175 1508 ac

52 1550 151 1614 omnia
174 1553 321 1616 strennui
345 1551 458 1617 militis
482 1573 522 1616 ac
546 1549 651 1616 fidelis
677 1551 841 1618 servitoris
857 1573 991 1617 munera
1015 1558 1049 1616 et
1065 1549 1174 1616 officia

1 1747 2 1750 Ἴ
52 1657 170 1724 abunde
193 1663 363 1744 praestare
388 1665 421 1726 et
446 1659 599 1726 exhibere
624 1681 690 1725 non
714 1659 833 1725 omisit
859 1656 952 1742 Quae
976 1659 1085 1725 omnia‘
1102 1677 1174 1723 cum

53 1768 111 1832 sint
133 1767 239 1833 laudis
254 1770 428 1853 praeconio
445 1768 643 1852 dignissima,
659 1767 721 1834 hcc
737 1768 939 1834 constantiae
956 1773 988 1832 et
1003 1765 1173 1832 fidelitatis

54 1896 122 1940 suae
146 1875 237 1942 nobis
263 1877 458 1962 praestitum
492 1877 697 1961 praeclarum
723 1875 953 1958 testimonium,
980 1874 1022 1940 ad
1047 1881 1176 1958 gratnm

53 1986 269 2066 posteritatem
293 1983 505 2050 laudabiliter
520 1985 815 2066 transmittendum,
831 1983 979 2068 praelato
994 1982 1175 2066 Pangratio

55 2091 193 2178 Senuiey,
217 2093 267 2158 uti
292 2093 414 2177 optime
438 2093 574 2158 meritus
599 2097 657 2174 est,
674 2093 851 2158 clementer
867 2091 1009 2157 dandum
1025 2089 1176 2156 duximus

1 2279 2 2296 ἵ
56 2207 83 2265 et
105 2201 350 2285 concedendum,
369 2203 434 2268 imo
451 2201 565 2268 damus
582 2208 615 2267 et
631 2202 840 2268 concedimus
855 2201 972 2268 harum
989 2207 1175 2266 nostrarum

1 2395 2 2398 Ἴ
55 2310 153 2393 uigore
179 2317 212 2376 et
236 2310 424 2376 testimonie
449 2311 626 2376 literarum
652 2310 778 2376 Datum
801 2311 835 2376 in
861 2331 935 2375 arce
955 2315 1066 2375 nostra
1084 2309 1176 2390 regia

1 2454 2 2510 3
56 2415 210 2504 Pragensi,
233 2419 389 2504 vigesima
413 2426 506 2486 sexta
530 2419 582 2486 die
607 2421 724 2486 mensis
749 2417 893 2503 Augusti
927 2422 1021 2483 1606.
1046 2417 1175 2499 Regno·

1 2561 2 2564 ¹
57 2548 119 2592 rum
134 2535 192 2593 etc

151 2671 220 2736 Das
230 2670 342 2737 istaut
349 2671 486 2738 beuelch
496 2671 554 2737 der
569 2671 668 2737 herrn
685 2671 854 2755 gehaimen
869 2669 954 2752 ruth,
970 2667 1057 2734 unnd
1067 2666 1175 2733 nichts

1 2759 2 2842 ζ
57 2779 203 2845 eunderes
227 2781 398 2864 gelerttigt
421 2781 560 2864 worden,
586 2781 644 2846 wie
669 2803 704 2846 er
723 2779 798 2846 herr
815 2779 956 2864 Senmeti
973 2777 1057 2843 auch
1074 2774 1175 2842 selbst

1 2886 2 2969 ξ
57 2886 187 2972 bezeugt,
203 2889 262 2955 das
287 2912 322 2954 er
347 2912 459 2956 ausser
474 2890 547 2954 deso
560 2903 562 2910 '
574 2890 681 2956 niehts
700 2889 841 2954 anndcrs
861 2889 915 2954 inn
932 2886 1083 2952 hennden
1099 2884 1176 2950 hab.

332 3057 371 3132 (A
399 3058 474 3116 tac'usi
491 3079 529 3114 es.
546 3057 577 3116 ds
595 3059 647 3114 loir.
664 3057 711 3116 all.
729 3059 758 3114 lt.
776 3056 884 3131 Hurrg.)

590 3301 687 3368 XLI.

481 3451 576 3512 1606.
596 3447 679 3512 okt.
706 3453 738 3512 3.

2 3667 4 3672 y
100 3599 133 3654 :la
147 3601 247 3670 Eroe'lp
263 3605 290 3655 dc
310 3601 625 3672 Oldluoraqudlcttrulrii
638 3603 696 3656 ledat
706 3603 839 3672 sensorpd
855 3603 985 3672 dpyelrbeu
1000 3601 1132 3655 leiksrldou

363 3693 519 3746 auernzetkd'zi
533 3693 659 3762 diarruadp
674 3693 836 3746 onerosam.

151 3825 199 3891 Mi
224 3825 333 3910 Petkji
360 3823 466 3890 danos
492 3825 663 3890 urnulnak
691 3829 709 3890 6
727 3825 909 3908 felstgenek
926 3830 1069 3908 tenaces,
1086 3830 1120 3890 es
1137 3847 1174 3890 az

3 4015 5 4024 ‚
63 3934 137 4012 egee
159 3933 406 4018 szekelysegnek
431 3933 591 4018 generalis
625 3933 795 4018 kapitanja
820 3937 854 3998 ds
879 3934 987 3999 Mikes
1013 3933 1176 4016 Benedek,

3 4065 5 4131 ἱ
63 4035 147 4108 Orbai
163 4041 731 4128 szsknekfckiralybiraja,Fe1·encz
751 4040 870 4126 Gortb,
887 4045 921 4106 ts
936 4041 1057 4108 Nemes
1073 4043 1175 4108 Bolas

4 4157 7 4206 l
63 4143 376 4234 Fejervdrmegyeben
401 4151 433 4216 sd
459 4151 610 4218 emberel(
627 4155 660 4216 ts
677 4151 969 4234 commissariumk,
984 4149 1177 4235 Magyaror-

64 4259 184 4341 adgnati
210 4263 243 4324 es
268 4258 454 4344 Erdelynek
480 4259 714 4344 fejedelmi’nek
739 4263 773 4322 es
799 4258 967 4344 szdkelyek
983 4259 1177 4344 ispanjtnuk

4 4549 5 4566 l

5 4643 7 4656 ι

5 4665 7 4678 l

5 4719 6 4726 η

65 4368 351 4453 paranosclatjs'abdl,
377 4371 410 4434 ts
435 4369 557 4453 erdelyi
583 4367 783 4452 gubernator
802 4390 895 4432 uram
926 4369 1176 4453 dnagysrtgdtdl

65 4491 94 4534 az
113 4475 362 4542 hauasalsdldielr
387 4477 462 4543 kozt
487 4477 610 4561 Erdely
636 4479 669 4541 ts
693 4475 877 4560 Erdelyhez
906 4481 1031 4542 tartozd
1058 4475 1174 4562 helyelr

65 4577 126 4648 lou
139 4585 206 4650 valo
229 4585 446 4670 igazgatasra,
462 4585 556 4670 toljes
582 4583 816 4650 authorittssal
831 4583 1045 4650 reudeltetett
1061 4588 1177 4650 azerot-

67 4685 133 4778 lpt,
147 4697 178 4759 ts
193 4691 345 4764 Mirislau
360 4695 561 4783 Legomfett,
579 4697 613 4760 ts
629 4693 712 4760 Bale
728 4692 927 4784 Pesatetnilr,
944 4717 980 4759 az
997 4699 1177 4782 nagysagoe
