3062 5414
462 561 555 617 1602.
571 565 665 617 assius
682 561 733 618 24.

550 819 654 890 ΧΧΙ.

474 971 569 1033 1602.
581 969 594 1052 j
605 972 666 1032 lln.
684 970 735 1032 24.

144 1122 167 1174 A
188 1123 296 1176 cedszdr
315 1121 464 1176 Baianae.
483 1121 603 1190 Bdthorp
619 1121 766 1190 Zupraerrd
779 1122 923 1192 ls'elepulo
940 1123 1059 1190 appensa

144 1257 350 1342 Rudolphus,
370 1263 429 1322 etc.
1260 1321 1262 1324 .

144 1365 329 1450 Magnifice,
362 1365 467 1431 fidelis
501 1366 628 1432 dilecte.
663 1367 710 1434 Vt
740 1365 908 1432 nobiscum
941 1365 1167 1448 sigismundus

44 1471 220 1540 Bathoreus
243 1477 278 1539 in
295 1477 434 1558 gratiam
450 1474 557 1539 redire
573 1476 692 1560 cupiat
709 1481 810 1558 utque
827 1481 862 1539 tu
879 1497 952 1540 cum
969 1481 1061 1558 parte
1079 1495 1167 1538 exer·

44 1583 371 1667 citusinprovinciam
382 1589 526 1648 armatus
542 1583 667 1666 ingredi
684 1585 846 1666 statueris,
863 1605 902 1648 ex
918 1584 959 1669 ijs
975 1605 1058 1668 <prae
1074 1582 1168 1648 nohis

45 1689 204 1756 humiliter
228 1691 384 1757 nunciata
409 1691 549 1772 voluisti,
575 1694 766 1776 accepimus.
791 1692 957 1758 Probatur
976 1692 1069 1758 nobis
1088 1689 1167 1756 fides

45 1822 78 1864 ac
93 1801 264 1883 prudentia
279 1805 338 1864 tua
354 1821 425 1864 cum
442 1799 633 1864 fortitudine
656 1801 837 1884 coniuncta,
854 1823 919 1884 qua
934 1801 1004 1865 istis
1021 1801 1055 1864 in
1073 1799 1167 1864 rebus

45 1915 73 1971 te
95 1910 141 1972 uti
165 1909 319 1973 ridemus.
345 1907 455 1992 thue
481 1909 631 1993 deinceps
648 1916 746 1994 prout
761 1909 821 1974 tibi
839 1909 990 1992 expedire
1008 1907 1168 1972 ridebitur

46 2016 187 2081 eiuecum
197 2021 268 2082 toto
284 2019 428 2082 exercitu
446 2019 513 2081 siue
531 2039 603 2082 cum
619 2019 731 2100 aliqua
747 2018 815 2082 eins
832 2023 925 2100 parte
942 2015 1079 2080 ulterius
1096 2035 1167 2098 per·

45 2147 103 2206 aas,
112 2125 297 2190 discretioni
308 2131 383 2190 tuae
393 2126 531 2208 benigne
542 2127 767 2209 permittimus.
779 2122 865 2206 Quid
881 2125 942 2208 ipsi
960 2121 1166 2206 Sigismundo

44 2235 293 2316 respondeamus,
303 2257 342 2298 ex
353 2236 502 2318 apposito
514 2235 697 2298 litterarum
714 2239 898 2298 nostrarum
916 2232 1063 2314 exemplo
1074 2231 1167 2296 intel·

47 2341 127 2422 liges,
150 2343 240 2425 ipsas
266 2365 341 2408 vero
357 2343 468 2407 literas
485 2343 523 2424 ei,
540 2344 595 2425 qui
613 2342 654 2406 ab
670 2341 728 2406 illo
744 2341 807 2406 huc
824 2341 939 2404 missus
956 2339 1026 2422 luit,
1043 2341 1068 2403 si
1085 2339 1167 2404 nihil

44 2449 158 2514 interea
182 2450 271 2533 quod
295 2473 315 2515 a
341 2453 508 2517 literarum
534 2473 629 2514 sensu
655 2451 816 2514 diversum
836 2449 887 2530 sit,
905 2449 962 2512 ille
979 2449 1166 2532 susceperit,

45 2557 164 2622 tradere
188 2559 312 2643 poteris
338 2557 544 2642 Sigismundo
569 2558 787 2644 perferendas.
814 2557 849 2624 Si
869 2557 1009 2640 deniqne
1027 2555 1166 2621 feliciter

45 2667 156 2730 arcium
180 2669 431 2752 praecipuarum
456 2667 577 2732 deditio
597 2669 797 2748 successerit,
814 2673 850 2731 ut
867 2667 1049 2750 provinciae
1066 2667 1166 2730 totius
1250 2751 1254 2760 .

45 2775 139 2838 securi
169 2777 279 2858 simus,
310 2775 428 2840 videsis
458 2777 528 2860 ipse
561 2777 639 2860 qnid
670 2777 804 2842 alterins
835 2775 1004 2859 agendum,
1020 2774 1166 2858 inprimis

45 2889 142 2946 autem
165 2885 200 2948 id
225 2884 398 2968 diligenter
417 2885 605 2968 curandum,
624 2891 661 2950 ut
676 2884 848 2950 sufficienti
864 2883 1030 2968 provincia
1045 2884 1166 2966 praesi-

45 2987 90 3052 dio
112 2991 157 3055 ita
182 2994 357 3074 muniatur,
382 3013 421 3058 ne
446 2995 674 3078 opportunitas
699 2993 813 3058 incolis
848 3015 959 3056 rursus
998 2989 1167 3054 deficiendi

46 3097 245 3182 relinquatur.
271 3100 319 3168 Vt
343 3099 524 3168 Valaohiae
540 3102 679 3167 vaiucda
703 3103 737 3166 in
754 3101 910 3166 ditionem
927 3121 1017 3164 suam
1034 3099 1165 3162 restitu-

1 3222 2 3236 ³
47 3211 118 3285 etur,
142 3207 324 3272 laudamus.
340 3206 382 3271 Id
398 3215 506 3272 autem
523 3209 640 3292 qrrihus
657 3209 796 3292 auxilijs,
813 3208 946 3291 quasia
963 3213 1093 3272 rectane
1109 3228 1167 3290 per

48 3309 297 3379 Transilraniam
322 3337 364 3379 an
390 3315 523 3399 obliqua
543 3317 636 3382 iuxta
652 3315 896 3381 Temesuarn'nm
913 3321 1007 3380 extra
1023 3313 1166 3380 Transii·

48 3423 149 3486 sanias
172 3423 253 3487 fines
278 3423 347 3487 fieri
373 3424 534 3507 expediat,
560 3431 592 3490 et
611 3447 687 3490 num
708 3447 773 3508 qua
790 3423 907 3489 deinde
924 3425 988 3489 alia
1005 3447 1076 3489 cum
1093 3424 1166 3488 reli·

47 3549 102 3610 qno
124 3534 269 3597 exercitu
294 3531 457 3616 expeditio
482 3535 551 3598 siue
576 3535 609 3598 in
635 3533 807 3598 finitimam
823 3535 966 3618 aliquam
984 3533 1165 3598 Turcarnm

1 3709 2 3712 Ἴ
48 3658 149 3721 arcem,
179 3643 249 3705 siue
274 3639 307 3704 in
332 3642 508 3706 remotiora
532 3641 604 3706 loca
629 3665 688 3726 per
712 3644 932 3726 grassationes
958 3641 999 3706 ad
1024 3641 1164 3704 hostium

49 3745 119 3810 sires
142 3746 371 3812 distrahendas
388 3747 544 3812 tentanda
560 3749 612 3830 sit,
628 3749 697 3832 ipse
715 3755 750 3814 tu
767 3751 908 3814 omnium
926 3749 1046 3832 optime
1064 3753 1165 3812 statu·

50 3855 109 3936 eris,
134 3879 211 3938 erga
236 3877 333 3940 quem
358 3855 545 3920 munificum
572 3857 669 3922 animi
687 3859 789 3922 nostri
807 3857 957 3922 allectum
974 3857 1007 3920 in
1024 3856 1065 3938 ijs
1082 3879 1165 3939 quae

48 3963 155 4044 petijsti
187 3966 235 4028 ita
265 3963 425 4029 ostensuri
457 3985 574 4048 sumus,
600 3963 656 4030 ubi
683 3965 852 4048 prouincia
877 3967 940 4030 ista
969 3967 1001 4028 in
1019 3965 1164 4028 ordinem

49 4069 165 4136 redacta
196 4071 304 4152 luerit,
328 4079 366 4136 ut
390 4071 429 4134 de
455 4072 561 4154 gratia
585 4078 618 4137 te
644 4078 764 4154 nostra,
782 4096 848 4156 qna
863 4079 895 4136 te
912 4074 1165 4156 complectimur,

2 4195 3 4200 ¹
49 4177 97 4242 tibi
113 4183 350 4264 gratulaturum
367 4179 573 4245 confidamus.
591 4181 715 4246 Datum
732 4181 860 4262 Pragae
878 4185 928 4245 24.
945 4179 1049 4265 Juuij.
1070 4187 1164 4246 1602.

141 4289 178 4355 P.
203 4289 235 4356 S.
251 4289 318 4356 Vbi
336 4289 485 4352 resistas
506 4290 704 4372 compositae
722 4295 755 4354 et
771 4311 861 4354 arces
878 4289 1048 4373 praesidia
1065 4312 1165 4372 qusn-

48 4397 106 4457 tnm
129 4419 255 4462 neeesse
271 4398 324 4478 sit,
348 4397 491 4461 munitae
516 4395 644 4480 suerint,
669 4398 767 4462 etiam
792 4403 890 4480 atque
917 4398 1012 4461 etiam
1031 4397 1111 4478 vide,
1128 4403 1165 4462 ut

49 4497 172 4568 hostium
197 4506 290 4588 vires,
316 4527 400 4587 quae
425 4505 521 4570 solito
547 4505 684 4570 maiores
703 4507 736 4570 in
753 4506 938 4570 inferiorem
955 4505 1162 4586 Hungariam

50 4607 208 4678 aduentare
248 4613 455 4696 nunciantur,
487 4613 624 4678 distrahi
650 4615 760 4698 aliqua
791 4615 996 4698 expeditione
1028 4613 1096 4676 siue
1128 4612 1161 4674 in

2 4791 3 4799 ,
52 4711 286 4806 Temessarium,
310 4721 378 4788 siue
394 4743 459 4790 una
475 4743 546 4788 curu
563 4721 712 4790 Valaeho
728 4723 762 4790 in
777 4723 966 4790 remotiores
983 4720 1163 4788 Turcarum
