3042 5404
501 547 592 614 1603.
608 569 666 612 sur.
687 547 736 610 19.
1118 537 1180 610 let

158 725 217 796 Ad
252 735 404 797 lb-mnm.
435 727 488 796 De
519 727 687 796 exactione
711 722 987 794 contributionum
1013 725 1182 796 consilium

63 837 210 922 inibimus,
234 841 287 906 vel
312 842 340 905 si
363 840 506 923 aliquem
530 843 636 903 status
660 843 694 901 ct
717 835 847 904 ordines
871 839 1020 904 noverint
1043 837 1183 922 modum,

65 968 115 1013 nos
128 949 282 1014 certiores
298 947 430 1014 iaciant

158 1055 216 1122 Ad
234 1056 379 1120 lii-tium.
396 1053 530 1120 Domini
546 1051 671 1119 nobiles
686 1052 766 1118 dent
781 1054 1066 1140 consignationem,
1082 1079 1184 1142 quan·

64 1171 123 1228 tum
132 1185 171 1229 ex
180 1165 219 1228 iis
235 1163 457 1248 unnsquisque
473 1159 594 1226 habeat
609 1161 643 1226 in
658 1159 844 1227 civitatibus
859 1161 1021 1247 frumenti,
1037 1171 1070 1229 et
1085 1165 1186 1231 domi·

65 1291 117 1335 nus
129 1268 302 1338 Generalis
317 1271 479 1336 neminem
494 1291 553 1334 suo
569 1269 639 1335 iuro
654 1267 801 1337 fraudari
817 1271 969 1355 patietur.

1 1461 2 1468 ἵ
158 1379 215 1444 Ad
241 1381 376 1444 14-tum.
394 1375 574 1444 Obtineant
589 1399 610 1443 a
628 1376 758 1444 domino
774 1375 931 1445 Generali
950 1379 1073 1446 salvam
1089 1404 1184 1465 guar-

1 1566 2 1581 ¹
65 1485 142 1551 diam
171 1493 205 1552 st
233 1486 336 1570 ipsius
366 1485 506 1569 insignia
530 1493 725 1569 mercentur,
750 1507 790 1552 ne
814 1486 973 1554 militibus
996 1489 1118 1571 ignaris
1134 1491 1185 1556 sel

65 1594 215 1660 inscitiam
232 1593 320 1658 forte
335 1592 546 1658 causantibus
563 1593 632 1659 ulla
648 1593 824 1659 excusandi
840 1615 921 1662 ansa
936 1595 1139 1680 praebeatur.

1 1769 2 1774 ,
164 1700 220 1766 Ad
237 1705 373 1766 Iti-tuna
389 1698 496 1784 Super
511 1698 573 1766 hoc
588 1701 736 1782 articulo,
761 1701 914 1787 quoniam
930 1710 1036 1772 status
1052 1711 1086 1770 at
1101 1705 1187 1771 ordi·

69 1829 118 1872 nea
131 1808 215 1872 inter
229 1829 265 1873 se
289 1813 403 1874 mutuo
428 1806 633 1892 dissentiunt,
648 1805 785 1875 eundem
809 1809 895 1876 iusto
912 1831 996 1898 ,suae
1011 1813 1088 1878 mtis
1103 1812 1187 1878 arbi·

1 1958 2 1978 2
67 1917 131 1999 trio,
146 1914 411 1982 committendum
436 1936 506 1982 asse
530 1937 595 1982 non
620 1915 848 2002 dubitavimus,
871 1939 943 1986 cum
968 1941 1033 1988 non
1059 1927 1187 1986 tantum

1 2042 2 2096 l
69 2021 280 2090 tumultuari
304 2025 468 2092 iusticiam
487 2031 587 2108 curet,
603 2045 714 2090 verum
730 2025 829 2090 etiam
845 2025 916 2094 lons
932 2035 965 2094 et
980 2029 1072 2114 origo
1087 2030 1188 2114 ipsius

1 2131 2 2193 l
69 2131 206 2196 iusticias
221 2136 402 2198 censeatur.

167 2237 224 2305 Ad
241 2243 363 2304 lli-um.
379 2237 472 2306 Serui
488 2245 521 2306 et
536 2239 685 2322 ancillae,
700 2239 784 2306 olam
800 2239 865 2308 alio
881 2263 950 2308 sese
966 2245 1189 2332 proripientes,

1 2342 2 2392 ἓ
70 2348 204 2428 potentia
219 2347 382 2414 mediante
398 2369 462 2414 non
478 2347 685 2432 reducantur,
695 2348 750 2414 sed
759 2349 826 2415 suis
840 2350 946 2418 modis
961 2354 1189 2440 retrahantur3

1 2471 2 2474 ’
70 2451 106 2519 dc
118 2477 179 2521 non
203 2457 408 2522 restitutione
432 2464 551 2540 autem,
576 2477 685 2524 coram
700 2455 866 2523 ordinario
881 2457 987 2524 iudice
1002 2461 1052 2526 sel
1068 2464 1189 2548 capita·

1 2587 2 2590 *
70 2583 132 2646 neo,
145 2565 193 2631 uti
207 2571 314 2632 status
330 2569 363 2630 et
378 2565 508 2632 ordines
523 2563 703 2651 postulant,
713 2563 848 2632 iuridiee
864 2574 1000 2652 agatur3
1016 2569 1064 2636 ita
1080 2575 1189 2640 tamen

1 2668 2 2671 ’
72 2676 105 2734 ut
117 2673 144 2736 si
158 2673 318 2740 alterutra
342 2673 484 2758 partium
503 2673 666 2740 sententia
681 2673 811 2758 prolata
827 2681 980 2740 mutante
996 2697 1066 2744 esse
1081 2679 1190 2746 nolus·

1 2851 2 2855 Ἰ
72 2779 118 2862 rit,
131 2779 171 2845 ad
186 2781 352 2847 dominum
367 2778 560 2847 Generalem
578 2781 831 2866 appellationem
846 2783 1024 2850 transmitti
1041 2787 1153 2870 possit.

1 2958 2 2965 ,
168 2885 224 2954 Ad
242 2893 395 2954 l'l-mum.
420 2885 575 2973 Quamvis
600 2887 809 2955 salisiodinae
826 2889 860 2956 in
876 2891 948 2956 istis
964 2889 1123 2960 bellorum
1140 2901 1190 2960 tu·

73 2993 217 3061 moltibus
233 3015 352 3079 magna
367 3017 407 3060 ex
423 3003 516 3080 parte
532 2995 698 3062 desolatae
714 3003 813 3080 atque
826 2995 1003 3064 destitutae
1019 3001 1091 3083 sint,
1108 3023 1191 3086 quae

1 3091 2 3177 ξ
74 3103 186 3168 nonnisi
202 3104 330 3188 magnis
345 3103 527 3189 sumptibus
542 3105 721 3171 restaurari
737 3110 903 3190 poterunt,
918 3107 1128 3175 nihilominus
1144 3117 1192 3176 ta·

1 3195 2 3272 Ῐ
73 3228 138 3273 men
151 3209 325 3276 habebitur
349 3213 433 3277 ratio
458 3212 649 3295 nobilitatis,
672 3233 783 3278 verum
798 3212 860 3280 hoc
884 3214 1079 3281 conditionis
1095 3217 1192 3283 inter·

76 3325 170 3403 ventu,
186 3327 223 3385 ut
237 3320 300 3404 ipsi
315 3341 444 3404 quoque
460 3318 596 3386 abusum
611 3321 715 3387 vitent
730 3369 832 3388 .....
849 3320 895 3406 (Α
913 3324 996 3388 libbi
1011 3325 1192 3412 tirinyzilr.)

77 3465 295 3540 (blindlettiinek
311 3473 416 3528 ersdcti
433 3473 674 3547 fogalmazvdnya
689 3491 706 3529 a
722 3491 841 3546 magyar
857 3473 910 3529 kir.
927 3481 1020 3548 agyet.
1037 3476 1193 3548 ldnyvtdr·

1 3577 2 3580 ¹
125 3561 176 3616 bau
192 3562 382 3636 Szamoskbny
399 3561 669 3638 gyltjtcmdnydben.
688 3563 746 3620 MS.
762 3565 796 3620 T.
814 3563 848 3620 T.
864 3564 966 3622 Trans.
984 3563 1134 3636 LXVIII.)

608 3789 641 3878 ⁶)

496 3941 767 4000 ArticuliSarouum

1 4123 2 4138 χ
80 4052 367 4141 adillustres,
390 4057 673 4142 spectabiles
706 4079 754 4124 ac
777 4059 1046 4144 magnificos
1070 4059 1196 4128 domi·

80 4181 146 4229 uos
166 4163 206 4232 N.
221 4165 263 4232 N.
287 4187 396 4232 sacr.
420 4167 792 4252 cassregiaeque
815 4165 1084 4234 Maiestatis
1104 4191 1197 4234 eon·

82 4270 1197 4359 siliariosetinTransylvaniamdesignatoseom·

1 4377 2 4454 l
84 4378 304 4448 missorius
336 4403 414 4466 pro
438 4381 773 4448 intercessione
805 4381 922 4468 apud
954 4403 1063 4448 sacr.
1089 4403 1197 4448 caes.

1 4482 2 4496 ¹
441 4489 829 4576 regiumqueMteu

175 4639 303 4700 Kurolve
327 4639 413 4714 egaea
438 4640 662 4716 terjedelmdbcn
689 4643 795 4700 Archiv
822 4643 872 4698 des
898 4643 1034 4700 Vareiues
1060 4643 1106 4698 lllr
1122 4644 1197 4700 sien.

84 4723 280 4788 Landeeknnde
297 4732 346 4790 IV,
364 4733 396 4788 B.
421 4735 604 4790 tle-128.
622 4733 651 4788 ll.
