3062 5414
555 537 648 593 1602.
665 557 728 592 aro.
1140 535 1201 596 131

85 703 215 771 bmdari.
240 705 324 772 Cum
351 727 427 789 ergo
452 707 578 772 reditus
602 708 652 773 illi
677 709 900 792 aestimentur,
925 709 1036 776 decem
1060 710 1205 776 millibus

86 814 265 880 tallerorum
282 816 421 898 circiter,
447 821 577 899 optaret
593 815 656 880 sibi
677 816 749 881 dari
765 817 846 882 talia
861 817 1041 882 immobilia
1056 817 1150 902 bona,
1166 840 1206 882 ex

6 991 8 1006 Ι
84 920 192 1004 quibus
207 923 345 1005 singulis
370 923 463 987 annis
488 927 592 988 totam
617 921 702 988 hanc
726 925 911 1009 perciperet
929 947 1097 1008 summam,
1113 925 1205 990 nimi-

82 1052 146 1096 mm
162 1032 332 1114 sexaginta
355 1031 494 1096 millium
519 1029 719 1116 tallerorum,
734 1054 800 1098 non
817 1035 1011 1118 computatis
1026 1037 1136 1100 tamen
1152 1055 1206 1098 ex·

83 1141 190 1221 pensis,
206 1161 290 1222 quae
307 1161 385 1204 suae
401 1141 587 1204 serenitatis
603 1162 733 1206 mensae
749 1147 827 1207 sunt
842 1143 1052 1208 necessariae.

180 1247 273 1313 Haec
288 1246 375 1312 bona
384 1246 521 1332 optabat
542 1247 576 1312 in
587 1247 756 1332 Tyrolensi
773 1251 929 1315 comitatu
945 1250 1044 1334 varijs
1059 1249 1099 1316 de
1116 1271 1205 1316 cans·

83 1354 127 1436 sis,
154 1376 290 1438 quarum
315 1355 377 1420 hae
401 1355 604 1438 praecipuae,
630 1355 717 1440 quod
734 1361 860 1422 tractus
878 1356 934 1422 ille
950 1358 1105 1423 remotior
1120 1361 1205 1423 esset

85 1461 121 1526 ab
136 1464 221 1528 omni
236 1461 472 1548 Hungarorum
490 1463 698 1546 commercio;
715 1463 802 1546 quod
821 1465 955 1530 vicinior
971 1464 1099 1548 Italiae,
1116 1465 1204 1550 quod

84 1571 234 1636 incolatur
258 1577 296 1638 ut
321 1571 496 1656 plurimum
517 1570 559 1636 ab
574 1572 625 1658 ijs,
650 1571 706 1654 qui
722 1571 875 1638 Italicam
891 1573 1034 1638 calleant
1049 1574 1204 1658 linguam,

83 1683 134 1744 ete.
156 1678 271 1763 Nuper
285 1687 395 1746 tamen
411 1680 539 1744 litteras
556 1680 599 1744 ad
614 1701 665 1744 me
682 1701 722 1744 ex
737 1677 1000 1746 Leuthomericio
1017 1681 1116 1764 dedit,
1133 1681 1203 1764 qui·

6 1807 8 1866 ς
83 1787 136 1854 bus
151 1787 363 1873 significabat,
390 1809 424 1853 se
449 1793 638 1853 contentum
654 1787 723 1852 fore
739 1787 832 1852 bonis
848 1787 923 1870 illis,
940 1809 1023 1873 quae
1040 1787 1202 1872 quondam

84 1893 193 1961 domini
219 1893 355 1979 Georgij
382 1893 511 1978 Poppsl
539 1893 680 1978 luerunt,
705 1895 732 1960 si
749 1895 856 1961 omnia
872 1895 983 1979 libere,
1015 1901 1049 1960 et
1079 1895 1202 1979 absque

6 1987 8 2034 ἓ
85 2001 143 2068 ullo
159 2025 252 2068 onere
271 2002 334 2068 sibi
360 2001 444 2068 dono
469 2001 634 2068 darentur.
659 2001 711 2067 De
729 2024 795 2086 qua
813 2007 923 2068 tamen
940 2025 975 2069 re
991 2025 1093 2070 nouas
1109 2025 1129 2069 a
1144 2025 1203 2068 sua

85 2111 248 2176 serenitate
265 2115 401 2194 expecto
417 2110 538 2174 literas.

180 2218 215 2286 Si
239 2241 347 2285 meum
370 2217 425 2282 hic
450 2238 578 2302 quoque
603 2217 809 2302 interponere
833 2219 932 2284 liceat
956 2219 1119 2302 iudicium,
1138 2219 1200 2284 nisi

6 2409 8 2422 Ι
86 2325 171 2392 aliter
201 2327 351 2394 debonis
376 2326 498 2393 domini
522 2323 647 2410 Poppel
666 2325 817 2392 videatur
841 2348 918 2394 suae
941 2327 1115 2408 maiestati,
1130 2349 1203 2394 cen-

6 2459 7 2466 *
84 2453 129 2498 seo
144 2436 174 2500 in
190 2434 359 2520 Tyrolensi
385 2434 543 2500 comitatu
558 2437 685 2500 tantum
711 2435 942 2519 assignandum
958 2457 1027 2502 esse
1043 2435 1201 2501 bonorum

6 2527 8 2614 ἶ
84 2542 292 2626 immobilium,
309 2547 466 2627 quantum
483 2541 562 2608 satis
579 2541 622 2607 sit
638 2541 680 2608 ad
699 2565 855 2610 summam
875 2543 1077 2630 praedictam
1093 2544 1201 2628 singu·

6 2631 8 2730 ἶ
85 2647 119 2713 lis
133 2651 219 2716 annis
234 2649 485 2735 percipiendam,
501 2654 600 2733 atque
617 2649 652 2714 id
667 2649 708 2716 ob
728 2673 841 2718 causas
857 2651 956 2738 paulo
972 2657 1049 2718 ante
1065 2673 1200 2718 comme-

6 2737 8 2828 ἶ
84 2766 222 2842 moratas,
231 2757 358 2843 quibus,
369 2757 463 2841 addo,
474 2757 500 2824 si
511 2758 713 2842 contingeret
724 2759 905 2843 principem
916 2759 958 2824 ad
968 2765 1090 2826 statum
1101 2759 1200 2825 eccls-

6 2851 7 2924 i
85 2865 237 2931 siasticum
253 2867 397 2933 animum
422 2866 606 2950 adiungere,
626 2866 713 2950 quod
729 2873 808 2951 puto
827 2889 895 2933 esse
911 2868 1005 2933 valde
1019 2867 1200 2954 probabile,

6 3003 8 3054 l
86 2969 158 3038 haec
171 2975 338 3056 prouincia
355 2977 439 3038 esset
456 2971 722 3038 commodissima.
741 2971 843 3041 Mitto
860 2975 933 3040 alia.

6 3065 8 3092 ⁵
178 3079 241 3148 His
257 3105 355 3166 quam
381 3082 570 3148 breuissime
596 3083 751 3167 expositis
777 3105 855 3167 rogo
880 3081 1117 3148 illustrissimos
1143 3079 1199 3146 do-

85 3190 262 3256 minationes
286 3195 420 3274 vestras,
445 3195 483 3256 ut
507 3189 625 3256 misero
650 3191 788 3274 principi
820 3213 916 3275 quam
936 3189 1090 3256 citissime
1107 3189 1199 3254 satis·

6 3295 8 3382 l
85 3295 150 3381 fiat;
163 3299 226 3364 scio
242 3297 322 3383 quid
346 3297 460 3382 dicam,
484 3297 565 3363 haec
590 3299 675 3364 enim
692 3300 800 3365 omnia
823 3299 936 3364 eadem
951 3299 1052 3364 animi
1068 3299 1199 3364 sinceri·

6 3389 9 3458 l
86 3410 152 3490 tate,
176 3429 238 3490 qua
269 3413 375 3473 totum
400 3406 462 3472 hoc
487 3407 654 3492 negotium
689 3407 855 3491 hucusque
890 3407 1041 3490 tractaui,
1067 3407 1198 3491 scripsi:

6 3577 12 3604 L
86 3517 226 3600 quamuis,
251 3523 289 3582 ut
313 3537 377 3582 uno
402 3515 499 3583 verbo
525 3517 639 3599 dicam,
664 3539 722 3584 sua
748 3517 912 3600 serenitas,
938 3537 972 3582 se
996 3520 1071 3600 post
1103 3514 1199 3580 deum

86 3624 175 3688 totam
189 3625 221 3688 in
246 3646 322 3690 suae
347 3625 529 3690 maiestatis
553 3624 637 3690 ulnis
662 3629 779 3708 tutum,
803 3629 840 3690 ut
858 3625 892 3689 iu
907 3623 1001 3688 initio
1017 3621 1093 3705 dixi,
1110 3643 1198 3687 secu·

85 3745 204 3814 nunqua
220 3733 413 3798 committat.

178 3885 273 3940 Kitol:
298 3885 385 3942 Pater
401 3884 543 3942 Antonius
559 3901 610 3956 pro
627 3884 806 3957 Sigismundo
823 3884 958 3957 principe.

345 4027 481 4100 (Masolat
495 4048 513 4086 a
528 4027 605 4086 becci
620 4047 658 4087 cs.
673 4029 738 4086 titlr.
755 4029 786 4086 lt.
803 4024 911 4100 Hung.)
