3062 5414
515 491 609 550 1eos.
624 473 684 550 ius.
701 491 752 548 re.
1106 487 1169 550 125

47 665 232 748 pollicemur,
256 666 295 728 ut
309 663 438 729 etiamsi
453 662 603 729 nonnulli
619 661 705 728 bona
720 661 832 744 aliqua
847 662 881 726 iu
897 663 1119 728 controversia
1134 667 1171 728 et

49 771 229 838 difficultate
252 772 362 856 posita
385 769 598 856 possiderent,
623 773 737 837 nostra
755 773 865 834 tamen
884 768 973 854 apud
988 790 1068 836 sacr.
1085 791 1169 836 caes.

48 883 238 948 maiestatem
268 880 459 946 intercessio
483 901 544 964 pro
569 879 636 944 illis
660 879 792 944 minime
816 878 860 942 sit
890 877 1050 964 defutura,
1074 883 1112 944 ut
1136 879 1170 944 in
1298 922 1305 952 ,

48 989 170 1074 pacifico
180 989 340 1056 eiusmodi
349 987 663 1056 bonorumdominic
680 1008 869 1072 permanere
883 988 1018 1073 possint
1034 986 1071 1054 Si
1088 1007 1171 1071 quae

48 1120 114 1165 rere
127 1099 214 1166 bona
228 1121 288 1184 per
312 1119 367 1166 ecs
391 1099 490 1165 titulo
513 1097 735 1182 inscriptionis
752 1118 854 1180 usque
873 1101 995 1163 certam
1011 1117 1170 1162 summam

50 1208 252 1292 possidentur,
278 1229 356 1274 casu
381 1229 446 1293 quo
471 1229 553 1274 sacr.
584 1227 666 1274 caes
684 1205 838 1272 maiestas
853 1205 912 1272 ills
927 1225 1006 1290 prae
1022 1203 1171 1270 manibus

50 1317 181 1400 ipsorum
198 1317 384 1402 relinquere
398 1317 511 1399 nollet,
526 1336 586 1400 pro
602 1313 765 1380 refusione
796 1335 940 1380 summae
957 1311 1108 1398 capitalis
1124 1311 1171 1376 in·

49 1425 223 1509 scriptionis
232 1426 404 1509 diligenter
415 1423 502 1510 apud
519 1445 646 1490 sacram
662 1443 826 1489 caesarem
841 1422 1045 1488 maiestatem
1061 1423 1171 1506 partes

50 1538 168 1600 nostae
182 1535 435 1619 interponemus.

145 1641 201 1708 Ad
224 1647 388 1726 quartum.
412 1641 461 1708 Ut
484 1640 613 1708 nobiles
630 1639 769 1705 liberam
785 1659 911 1722 semper
935 1641 969 1702 et
993 1635 1113 1721 ubique
1132 1635 1168 1702 in

51 1749 185 1816 civitates
216 1750 314 1816 eundi
345 1749 550 1834 exeundique
579 1747 770 1814 facultatem
793 1745 956 1826 habeant,
981 1743 1170 1828 nullamque

50 1858 95 1922 rel
118 1859 149 1924 ir
163 1859 309 1942 personis
326 1858 376 1924 vel
392 1857 490 1924 rebus
506 1858 650 1942 ipsorum
667 1855 824 1920 universis
840 1875 861 1918 a
877 1853 1030 1938 quopiam
1046 1852 1172 1936 patian-

51 1969 100 2030 tur
113 1967 289 2032 molestiam
304 1973 363 2032 aut
379 1965 617 2048 detrimentum,
634 1963 767 2048 dignum
784 1964 968 2046 iustumque
984 1959 1172 2026 iudicamus.

147 2069 202 2138 Ad
218 2073 377 2157 quintum.
393 2069 551 2140 Ordinem
562 2073 661 2138 etiam
677 2071 852 2136 militarem
869 2091 1019 2135 securum
1035 2067 1173 2134 facimus

53 2179 82 2245 in
103 2180 199 2248 libero
224 2181 369 2248 dominio
393 2180 552 2247 bonorum
571 2185 605 2246 et
623 2179 741 2245 iurium
758 2199 890 2244 suorum
905 2177 1173 2261 possessicuario·

1 2372 2 2380 ἵ
52 2310 123 2372 rum,
138 2291 191 2374 qui
207 2289 361 2356 nimirum
376 2289 466 2373 digni
483 2293 517 2354 et
532 2287 722 2354 benemeriti
737 2285 985 2371 reputabuntur.

147 2394 203 2463 Ad
227 2402 365 2464 sextum.
390 2395 618 2464 Promittimus
643 2396 749 2478 etiam,
780 2393 868 2479 quod
892 2395 926 2460 in
951 2415 1042 2460 arces
1059 2397 1092 2458 et
1107 2391 1170 2458 sor·

53 2505 153 2572 talioia
174 2527 254 2592 prae
277 2505 428 2572 manibus
448 2511 659 2592 patronorum
676 2504 848 2570 existentia
863 2503 955 2568 nulla
970 2499 1172 2568 Gemanica

53 2619 103 2678 aut
118 2614 180 2680 alia
195 2615 310 2697 aliqua
325 2617 460 2680 externa
475 2611 639 2698 praesidia
654 2610 904 2694 introducemus,
920 2631 1030 2676 verum
1048 2631 1172 2694 posses·

54 2721 166 2786 acubus
190 2721 259 2786 suis
273 2719 521 2806 proscidendum
537 2721 769 2804 relinquemus,
785 2739 887 2802 usque
903 2717 1076 2801 benignam
1092 2738 1173 2782 sacr.

1 2815 2 2910 J
56 2849 127 2894 caes.
155 2829 339 2894 maiestatis
369 2827 542 2914 superinde
567 2827 806 2894 resolutionem.
831 2825 886 2891 Ita
911 2829 1019 2891 tamen
1045 2831 1174 2892 uttam

56 2935 109 3020 ipsi
131 2938 261 3021 patroni
286 2959 385 3022 quam
410 2937 508 3002 etiam
534 2937 706 3002 servitores
731 2941 764 3000 ct
779 2933 956 3000 familiares
972 2933 1115 3018 ipsorum
1132 2933 1173 3000 ad

1 3041 2 3090 ἶ
54 3041 232 3110 fidelitatem
258 3067 335 3110 suae
360 3045 523 3112 maiestati
543 3065 625 3112 caes.
642 3042 787 3109 debitam
804 3043 1019 3108 iuramentum
1036 3041 1174 3108 solenni·

1 3237 2 3240 Ἴ
57 3155 100 3215 ter
115 3157 280 3236 praestare
296 3152 437 3218 debeant
453 3159 486 3218 et
502 3157 683 3218 teneantur.

1 3343 2 3352 ἵ
149 3259 205 3326 Ad
220 3261 402 3345 septimum.
419 3257 525 3326 Aroes
541 3283 562 3326 a
578 3257 695 3326 Tureis
712 3263 920 3342 recuperatas
937 3262 1051 3341 utpote
1067 3253 1092 3322 J
1094 3260 1174 3322 enelt

1 3442 2 3448 ἵ
59 3371 87 3430 et
100 3365 244 3452 Lippam,
259 3369 309 3434 uti
324 3369 537 3454 promittitur,
549 3368 585 3436 in
600 3371 797 3452 potestatem
813 3365 1012 3450 recipiemus.

149 3473 205 3540 Ad
230 3479 388 3542 octavum.
414 3473 450 3542 Si
467 3495 550 3560 quae
567 3474 654 3540 bona
669 3473 842 3540 Rasciauis
859 3479 917 3538 aut
943 3471 1100 3539 Valeclris
1117 3493 1176 3556 per

1 3651 2 3656 .
57 3577 238 3648 Michaelem
264 3583 434 3649 valachum
460 3583 582 3650 collata
597 3581 741 3664 fuissent,
758 3581 979 3666 promittimus
995 3601 1075 3644 sacr.
1092 3599 1174 3644 caes.

1 3700 2 3708 ’
57 3691 247 3756 maiestatem
263 3691 420 3757 eiusmodi
436 3691 645 3758 collationem
670 3690 738 3754 cius
754 3689 925 3754 Roscianis
944 3692 1003 3752 aut
1018 3685 1176 3756 Valachis

1 3786 2 3812 ³
58 3793 162 3864 iactam
177 3797 432 3864 annihilaturam
449 3803 483 3864 et
498 3797 737 3881 abnegaturum,
754 3817 859 3880 nequa
876 3794 1121 3862 commissurum
1138 3797 1176 3858 ut

1 3916 2 3990 ξ
57 3903 251 3990 inposterum
267 3907 317 3972 rel
333 3906 453 3972 donata
469 3905 535 3971 illis
545 3905 761 3970 restituantur
777 3903 827 3970 rel
843 3905 961 3986 cuique
977 3923 1090 3968 eorum
1106 3901 1175 3966 ulla

1 4004 2 4010 '
57 4015 181 4098 amplius
204 4015 239 4080 in
264 4014 326 4080 hac
342 4015 509 4100 provincia
523 4011 610 4080 bona
625 4011 843 4096 conferantur,
860 4015 918 4077 aut
933 4009 992 4075 illa
1008 4007 1174 4094 possidere

1 4117 2 4120 '
57 4123 284 4203 permittantur.

1 4221 2 4240 ²
149 4228 206 4296 Ad
231 4251 361 4296 nonum.
386 4228 512 4296 Milites
544 4251 621 4296 suae
637 4229 818 4295 maiestatis
834 4228 882 4294 ita
897 4227 932 4292 in
949 4223 1057 4292 officio
1074 4223 1175 4290 conti·

1 4325 2 4370 t
57 4335 197 4424 nebimus,
222 4343 261 4404 ut
275 4339 326 4403 rel
343 4339 405 4423 ipsi
421 4337 606 4422 regnicolae
624 4337 768 4402 contenti
784 4357 854 4400 esse
870 4339 1014 4420 possunt

1 4429 2 4448 ἶ
151 4445 206 4512 Ad
216 4446 384 4512 decimum.
395 4445 472 4512 Non
482 4453 531 4512 est
547 4445 634 4530 quod
644 4469 702 4512 sua
712 4445 871 4510 serenitas
888 4444 1061 4528 quiequam
1073 4441 1176 4525 suspi-

61 4553 288 4622 caridebeatde
304 4557 380 4621 ullis
395 4555 531 4638 insidiis,
546 4577 621 4622 nam
638 4555 723 4620 sicut
738 4553 904 4635 hactenus,
920 4553 969 4616 ite
985 4551 1178 4616 nuncetiam

1 4721 3 4780 ἶ
62 4681 139 4726 suam
153 4664 359 4730 serenitatem
376 4663 445 4728 iure
461 4662 599 4730 iurando
619 4668 653 4728 et
671 4661 735 4728 fide
754 4668 866 4729 nostra
882 4661 1077 4744 interpositu
1094 4681 1178 4724 uuae-
