3042 5404
491 514 582 568 1603.
600 531 676 568 mn.
695 513 744 567 28.

546 811 681 876 XLIII.

469 959 563 1020 1603.
589 956 604 1020 1
610 956 658 1021 eb
669 979 693 1020 r.
719 962 770 1022 28.

594 1101 633 1184 α)

345 1255 369 1305 A
386 1253 524 1308 kolorudrt'
537 1255 683 1324 rdazpyrilde
697 1253 873 1308 budroadm'.

161 1383 226 1449 Nos
252 1387 386 1451 comites
412 1388 622 1454 comitatuum
643 1387 971 1474 Transylvanieusum
988 1397 1021 1456 et
1037 1397 1183 1457 caetera-

65 1515 129 1558 rum
150 1495 288 1576 partium
314 1495 417 1560 eidem
427 1497 655 1580 subiectarum,
681 1497 865 1582 caeterique
890 1498 984 1563 electi
1001 1499 1130 1565 ordines
1148 1508 1181 1567 et

66 1607 159 1667 status
190 1604 314 1669 sedium
331 1601 553 1670 Siculicalium
584 1611 617 1670 et
642 1605 884 1672 Saxonicalium
916 1607 1059 1674 eiusdem
1090 1611 1182 1693 regni

66 1708 306 1796 Transylvaniae
331 1719 390 1778 etc
415 1713 541 1778 Damus
566 1735 625 1798 pro
650 1713 805 1779 memoria
830 1721 890 1780 etc.
916 1712 997 1782 Cum
1014 1737 1072 1782 nos
1088 1717 1182 1783 iuxta

3 1903 4 1906 Ἴ
66 1820 190 1902 speciale
215 1821 380 1887 decretum
405 1821 609 1888 dominorum
635 1843 805 1906 procerum
831 1829 1028 1907 magnatum,
1044 1825 1183 1909 reliquo·

67 1949 186 2013 mmque
201 1935 346 1996 statuum
362 1937 396 1996 et
411 1929 561 1996 ordinum
578 1931 677 1996 trium
693 1931 862 1996 nationum
879 1929 1133 2016 Transylvaniae
1149 1934 1181 1998 in
1213 1977 1215 1985 ‹

3 2061 5 2084 τ
67 2038 255 2119 generalibus
280 2061 391 2105 eornm
417 2039 564 2122 comitiis,
594 2040 679 2106 circa
697 2043 747 2106 15.
763 2039 849 2106 diem
865 2039 1019 2106 Junuarii
1035 2043 1179 2125 proxime

3 2175 4 2180 ¹
66 2148 217 2226 praeteriti
241 2145 351 2213 Albae
376 2148 488 2214 Juliae
513 2149 694 2232 celebratis,
719 2172 778 2234 pro
804 2149 999 2232 oratoribus,
1016 2157 1049 2216 et
1064 2151 1181 2234 legatis

68 2252 171 2319 ibidem
195 2255 316 2339 electis,
341 2277 412 2322 cum
438 2258 535 2342 plena
550 2256 706 2322 facultate
722 2263 756 2322 et
771 2258 984 2323 instructione
999 2257 1042 2322 ad
1058 2279 1183 2325 sacram

3 2439 5 2446 ‚
68 2382 234 2430 caesaream
259 2365 447 2451 regiamque
473 2367 685 2448 maiestatem,
712 2365 838 2431 ratione
863 2366 1067 2452 publicorum
1092 2369 1183 2451 regni

3 2489 5 2540 i
68 2474 252 2555 negotiorum
276 2473 443 2540 mittendis
459 2473 501 2540 ad
526 2475 675 2540 ultimum
695 2473 779 2540 diem
800 2473 974 2540 Februarii
990 2497 1075 2540 anno
1091 2495 1182 2560 prae-

69 2582 155 2646 sentis
176 2583 209 2646 in
234 2582 365 2648 civitate
390 2581 555 2649 Kolosvar
579 2583 846 2665 convenissemus,
866 2605 905 2648 uc
921 2583 960 2648 de
977 2582 1184 2668 expediendis

3 2677 5 2720 ²
69 2685 177 2773 legatis,
200 2691 337 2774 aliisque
367 2689 523 2756 rebusad
547 2689 580 2756 id
606 2691 794 2756 necessariis
820 2697 964 2756 tractare
990 2691 1183 2777 cepissemus

69 2805 243 2864 occurerunt
258 2799 378 2884 aliqua,
393 2819 477 2884 quae
494 2805 527 2866 et
542 2805 714 2886 aparatum
729 2799 911 2883 legatorum
928 2799 1139 2884 impedivisse,
1150 2805 1183 2865 et

71 2903 202 2991 deinceps
218 2929 346 2993 quoque
362 2909 395 2973 in
412 2907 579 2976 commodo
595 2909 664 2976 sore
695 2907 1038 2992 animadvertebamus,
1057 2907 1097 2974 de
1114 2909 1183 2994 qui-

3 3041 5 3056 1
71 3010 120 3077 bns
141 3017 279 3081 unamini
295 3021 378 3099 voto,
409 3023 514 3082 certos
529 3013 699 3082 Articulos
715 3015 825 3100 vigore
856 3015 1111 3100 plenipotentiae
1128 3039 1183 3084 no-

3 3115 5 3220 1
71 3127 151 3204 strae,
160 3123 329 3208 superinde
338 3123 518 3190 attributae
529 3125 751 3190 conclusimus.
762 3119 826 3208 Qui
838 3124 968 3208 quidem
984 3125 1031 3190 sic
1046 3146 1184 3210 sequun-

3 3231 5 3296 i
72 3231 164 3298 turdo
178 3233 298 3299 ordine.

3 3373 5 3436 ε
162 3357 209 3446 (1)
233 3359 422 3446 Mivelbogy
439 3381 460 3426 a
475 3361 617 3426 minemtt
632 3359 796 3446 kbltsbget
815 3383 836 3426 a
851 3359 1037 3426 cetsztrboz
1053 3364 1073 3428 d
1089 3359 1183 3426 felse-

72 3447 155 3546 gebez
177 3469 304 3536 rendelt
328 3467 511 3535 urainknalr
536 3467 726 3534 selvetettek
742 3469 811 3536 volt
826 3469 913 3553 lrapu
930 3472 1062 3552 sztmrn,
1080 3469 1183 3553 elege-

3 3571 5 3626 1
73 3573 220 3644 denddnek
245 3599 320 3644 nem
345 3577 453 3662 lttjuk
468 3577 573 3644 lenui:
591 3583 726 3644 tetszett
741 3577 891 3661 orszbgui
907 3597 928 3642 a
943 3577 1182 3660 nemessdgneb

3 3671 5 3704 ¹
74 3683 100 3745 is
113 3685 225 3770 egytbb
241 3685 361 3752 ueldnk
376 3686 448 3752 valo
464 3685 650 3752 rendeknelr
666 3687 702 3769 is,
718 3683 804 3770 hogy
820 3684 964 3770 ujonnan
980 3686 1184 3768 vtrmegyen·

3 3839 5 3852 ,
73 3787 136 3858 ient
156 3794 306 3881 bizonpos
330 3799 472 3862 summtt
495 3793 646 3880 adjaneln
673 3792 763 3878 Mely
780 3795 921 3859 summtt
936 3791 1185 3878 ilyenkeppena

3 3965 5 3984 ‚
74 3907 198 3972 wmeselr
223 3903 387 3992 regyenek
411 3902 465 3988 fel,
490 3903 674 3970 tuduiillilr:
698 3903 852 3989 gyiilesek
867 3903 960 3968 leven
974 3900 1106 3967 minden
1121 3903 1185 3966 szt-

3 3987 5 4048 1
74 4006 165 4097 boken,
189 4017 208 4080 ὅ
233 4011 352 4096 mageb
368 4011 584 4096 disponenti,
601 4009 691 4076 senki
707 4013 819 4096 megtt
835 4009 930 4077 ebbdl
946 4030 986 4074 ne
1002 4007 1185 4092 ronogtlja,

3 4127 5 4176 t
75 4119 116 4182 stt
140 4119 178 4187 ba
204 4119 395 4186 retrabtint
416 4121 444 4186 is
470 4124 605 4203 mosten,
630 4141 651 4186 a
676 4118 886 4186 comeseknelr
901 4117 988 4204 ilyen
1004 4115 1187 4182 authoritas

75 4225 183 4296 udntott
197 4229 327 4316 publice
343 4232 377 4296 es
388 4229 511 4314 egytbb
522 4229 698 4294 tieztviseld
709 4227 923 4294 embereimelr
939 4227 975 4310 is,
991 4225 1076 4310 bogy
1092 4223 1136 4290 ba
1151 4215 1186 4288 ki

76 4351 133 4419 meg
145 4361 213 4405 nem
228 4338 339 4405 hadnt
353 4337 429 4404 adni
445 4339 479 4404 es
494 4338 588 4403 renni
601 4337 766 4422 jdsztgbn
782 4335 891 4402 erdvei
906 4335 934 4400 is
950 4331 1185 4418 exigtlbasstlr‚

77 4437 193 4514 bertha
202 4447 325 4532 perleui
336 4445 459 4512 akarna
469 4445 505 4530 is,
514 4467 552 4512 ez
563 4445 802 4528 exactoroldral,
818 4443 931 4510 semmi
947 4449 1026 4508 uton
1044 4463 1063 4507 a
1080 4463 1187 4507 comes

77 4551 203 4640 unenyt
225 4555 301 4622 neki
325 4575 366 4620 ne
381 4553 621 4638 szolgaltasson.
644 4553 701 4620 Ha
725 4552 780 4618 hol
803 4551 901 4638 pedig
916 4572 937 4617 a
955 4549 1119 4616 reluctans
1136 4571 1188 4616 va·

78 4653 137 4727 bni
151 4671 260 4752 potens
276 4665 381 4750 lenne,
397 4665 431 4728 es
454 4683 562 4750 ugyan
581 4663 745 4732 obstinate
775 4682 849 4728 nem
865 4659 994 4749 hagyna
1018 4658 1186 4744 megvenni
