3042 5404
521 522 686 580 1601111.
706 521 754 578 le.

619 803 653 892 l)

486 956 512 1011 A
528 959 620 1012 rdIocae
634 957 773 1028 otimddjo.

174 1089 513 1173 Responsiones
553 1092 979 1160 illustrissimorum
1013 1091 1199 1158 domino-

73 1218 157 1263 rum
189 1201 602 1268 commissariorum
641 1200 695 1267 ed
728 1202 966 1285 postulata
999 1205 1198 1266 statuum

124 1313 166 1372 et
188 1304 395 1373 ordinum
419 1309 687 1394 provinciae
718 1307 1138 1394 Truussylvanioae.

173 1429 257 1498 eum
281 1453 301 1497 a
326 1453 408 1500 saer.
423 1455 506 1500 caes
528 1435 698 1502 maiestate
714 1434 844 1500 domino
860 1433 991 1500 domino
1007 1438 1118 1499 nostro
1135 1433 1198 1500 cle·

74 1538 267 1605 mentiosimo
291 1539 334 1606 ob
359 1561 431 1606 eam
456 1563 525 1608 rem
544 1543 633 1608 missi
657 1549 757 1627 atque
781 1540 924 1627 expediti
939 1541 973 1606 in
989 1539 1198 1626 Traussylva·

72 1646 154 1711 niam
169 1647 276 1732 simus,
292 1649 379 1714 utin
395 1649 507 1734 primis
523 1651 662 1735 gratiam
678 1656 711 1715 et
735 1649 939 1716 elementiam
955 1667 1032 1715 suae
1048 1649 1198 1714 maiesta-

1 1755 2 1758 ’
74 1753 113 1820 tis
136 1754 302 1822 ordinibus
323 1763 355 1822 et
371 1757 512 1823 statibus
527 1757 623 1825 huius
638 1757 823 1843 provinciae
838 1778 1064 1842 proponamus,
1080 1755 1197 1822 deinde

74 1881 144 1928 vero
168 1869 205 1929 ut
228 1861 271 1928 ab
286 1885 352 1930 uno
368 1885 497 1950 quoque
512 1863 737 1932 iusiurandum
752 1865 950 1950 excipiamus
966 1873 999 1931 et
1014 1863 1055 1930 de
1069 1865 1197 1950 patriae

74 1967 249 2037 defensione
273 1991 313 2038 ac
337 1970 423 2038 bono
449 1972 582 2058 regendi
597 1973 694 2040 modo
710 1980 744 2039 et
759 1971 799 2038 de
814 1973 854 2038 iis
870 1994 952 2058 quae
969 1994 986 2038 e
1001 1993 1037 2038 re
1053 1972 1196 2039 omniurn

1 2122 2 2154 ,
74 2083 170 2160 erunt,
193 2079 227 2144 in
243 2099 309 2164 quo
324 2101 411 2145 nunc
427 2101 554 2146 omnem
570 2100 703 2166 operam
719 2079 915 2148 collocamus
931 2087 964 2146 et
978 2081 1010 2145 in
1029 2087 1196 2166 posterum

74 2186 259 2253 collocuturi
275 2209 426 2273 summus,
437 2189 672 2274 prospiciamus
682 2195 715 2254 et
725 2186 767 2254 ad
777 2209 867 2255 suam
877 2189 1080 2254 maiestatem
1090 2193 1196 2254 totum

72 2295 115 2358 rei
129 2293 296 2362 decoram
305 2295 491 2382 referamus,
500 2318 565 2364 uon
574 2303 768 2383 potestesse
784 2295 926 2382 dubium,
943 2297 1020 2382 quin
1036 2319 1095 2364 sua
1110 2303 1196 2364 mtas

74 2423 214 2470 caesares
237 2402 412 2489 benignam
436 2406 480 2471 sit
504 2407 733 2472 resolutionem
749 2405 869 2472 datura
884 2411 917 2471 et
932 2405 1014 2470 nibil
1029 2405 1196 2491 antiquius

1 2517 2 2520 ’
74 2508 247 2579 defensione
272 2513 368 2580 buius
383 2515 568 2600 provinciae
585 2521 684 2599 atque
700 2513 980 2582 administratione
996 2514 1140 2581 iustitiae
1156 2535 1196 2582 uc

74 2621 281 2687 emolumento
296 2621 459 2688 habitura
470 2619 566 2706 Quod
582 2645 657 2690 vero
667 2623 709 2689 ad
719 2623 885 2708 postulata
901 2629 1045 2690 statuum
1061 2629 1095 2690 et
1110 2622 1195 2690 ordi·

73 2748 142 2794 uum
156 2731 285 2814 attinet,
300 2730 362 2796 hoc
377 2737 475 2816 paeto
491 2729 534 2796 ad
550 2751 589 2796 ea
604 2729 866 2817 respondendum
882 2729 1041 2796 duximus.

1 2907 3 2915 ,
167 2833 222 2903 Ad
250 2843 381 2905 l-mum.
406 2837 551 2905 Articuli
575 2839 671 2926 primi
696 2845 851 2906 contenta
874 2839 907 2905 in
924 2839 1097 2906 elementia
1112 2860 1193 2905 sacr.

1 2929 2 2998 ζ
74 2964 146 3010 caes.
161 2947 342 3012 maiestatis
356 2945 544 3032 reponenda
560 2967 629 3013 esse
646 2947 836 3030 censuimus,
851 2947 981 3012 minime
998 2945 1194 3028 dubitantes,

73 3052 142 3134 quin
165 3053 278 3119 eadem
293 3075 353 3120 sue
375 3062 460 3120 mtas
475 3053 612 3139 benigne
628 3055 671 3120 sit
687 3053 917 3141 approbatum,
933 3077 992 3122 nec
1007 3055 1109 3120 ullam
1125 3052 1193 3120 iore

73 3163 274 3228 mutationem
283 3161 457 3248 religionis.
474 3161 707 3231 Verumtamen
725 3161 905 3232 catholicae
921 3162 1085 3248 religionis
1096 3183 1193 3246 quam

73 3287 125 3333 sua
146 3277 227 3336 mtas
252 3271 469 3356 amplectitur,
495 3270 580 3336 ratio
604 3269 774 3354 habeatur,
797 3291 901 3355 neque
916 3270 1007 3336 illam
1023 3268 1194 3336 excludere

1 3428 2 3433 1
73 3376 245 3464 moliantur,
276 3399 380 3466 neque
410 3379 460 3446 illi
491 3378 685 3446 adherentes
713 3378 859 3464 qualibet
883 3379 1032 3445 molestie
1065 3378 1193 3445 afficere

73 3483 218 3552 nitantur.

1 3658 2 3665 ,
167 3591 222 3660 Ad
239 3593 641 3681 souuflocquoquein
658 3597 794 3663 arbitrio
811 3617 988 3662 saccones
1013 3595 1192 3662 maiestatis

1 3703 2 3722 ²
72 3701 159 3766 situm
189 3708 246 3787 est,
273 3725 357 3788 quae
380 3701 553 3770 iuridicum
578 3726 764 3790 processum
788 3703 943 3770 formabit
968 3709 1001 3769 et
1019 3701 1193 3788 diligenter

72 3818 162 3892 earet,
176 3815 213 3876 ut
228 3813 377 3877 iusticias
393 3809 475 3878 ordo
490 3813 621 3878 minime
637 3813 784 3879 violetur.

168 3915 222 3984 Ad
240 3919 356 3984 3-tium
374 3925 407 3984 et
421 3923 536 3984 4·tum.
553 3919 605 3986 De
622 3921 720 3986 tertio
736 3928 769 3986 et
784 3929 902 4006 quarto
926 3942 1016 3986 suam
1042 3922 1192 3988 maiesta-

1 4008 2 4017 ἵ
75 4028 131 4088 lem
153 4025 406 4111 informabimus,
423 4033 456 4094 et
472 4036 563 4094 certo
580 4027 642 4094 sibi
657 4029 875 4114 persuadeant
890 4035 996 4096 status
1013 4036 1046 4094 et
1063 4027 1192 4095 ordines

1 4107 2 4138 ¹
72 4151 151 4198 suam
165 4137 366 4202 maiestatem
381 4135 443 4202 hac
459 4157 587 4222 quoque
603 4137 637 4203 in
653 4145 747 4222 parte
764 4137 936 4222 benignam
952 4139 1084 4204 illorum
1100 4135 1191 4204 habi·

1 4280 2 4306 r
74 4243 167 4306 turam
181 4245 350 4310 rationem.

163 4350 219 4416 Ad
246 4355 359 4418 5-tum.
376 4348 557 4419 Districtus
577 4351 813 4420 Belenesiensis
839 4376 912 4422 eum
927 4355 970 4421 ad
985 4352 1191 4422 Varadinum

1 4455 2 4458 ’
74 4457 227 4543 pertineat,
250 4458 334 4526 illud
359 4467 468 4526 autem
484 4460 682 4546 praesidium
699 4462 920 4546 superioribus
935 4463 1102 4547 Ungnriae
1117 4485 1191 4548 par·

75 4560 147 4630 tibus
169 4568 369 4660 applicatum
395 4569 446 4652 sit,
466 4567 541 4638 inde
566 4589 773 4662 nequaquem
789 4569 967 4644 abalienari
984 4572 1033 4638 vel
1052 4570 1189 4642 distrahi

1 4701 2 4708 ,
75 4677 174 4756 potest
