3042 5404
539 499 632 554 1608.
646 517 706 554 ιΔιι.
727 499 776 558 19.
1160 501 1220 561 181

97 675 131 734 et
144 671 277 734 consiliis
293 671 341 735 ita
355 671 517 752 annuisse,
533 673 571 736 ut
585 671 752 756 provincia
767 671 893 738 isthaec
908 674 1003 756 plene
1018 675 1183 760 planeque
1192 680 1226 744 in

97 799 171 844 suae
193 779 267 844 mtis
290 783 487 862 potestatem
512 777 556 844 sit
579 777 730 846 redacta:
757 799 861 864 eoque
879 801 930 846 res
946 783 1056 850 divino
1072 806 1225 852 concessu

95 887 159 952 iam
172 887 327 972 perducta
342 891 401 970 est,
417 891 455 952 ut
470 886 603 954 tandem
618 892 693 972 post
707 889 814 956 varias
830 910 996 958 armorum
1010 895 1173 978 procellas
1183 916 1223 962 ac

96 994 307 1079 direptionum
331 994 571 1062 vicissitudines
596 994 636 1062 de
655 994 792 1081 pacifico
809 997 942 1082 regendi
966 999 1073 1084 modo,
1098 1003 1154 1086 qui
1171 1023 1221 1068 sar

95 1123 166 1168 crae
180 1125 259 1170 caes.
274 1125 341 1188 reg.
365 1104 425 1169 mti
445 1105 662 1188 securitatem,
685 1104 801 1172 incolis
817 1107 962 1189 quietem
978 1112 1012 1174 et
1027 1109 1222 1176 emolumen-

96 1216 162 1276 tum
177 1211 312 1294 adferat,
328 1213 413 1278 serio
429 1211 637 1296 cogitandum
653 1213 704 1278 sit
1058 1198 1062 1204 ⁵

195 1337 265 1404 Nec
290 1339 355 1403 iam
381 1360 474 1404 saera
498 1359 582 1404 caes.
607 1359 672 1421 reg.
697 1343 782 1404 mtss
800 1341 957 1408 memoria
979 1349 1127 1426 repetere
1143 1345 1223 1429 vult,

95 1467 174 1530 quae
197 1445 246 1512 his
270 1447 364 1512 annis
388 1447 544 1530 proximis
564 1447 598 1512 in
614 1446 718 1531 ipsam
735 1447 906 1514 commissa
920 1447 1052 1534 fuerint,
1068 1452 1094 1517 si
1111 1451 1222 1518 fideles

2 1633 3 1640 ἵ
96 1575 149 1620 ros
171 1555 320 1638 deinceps
335 1553 493 1639 praebere
510 1552 658 1619 subditos
674 1553 883 1622 studueritis:
899 1552 1122 1644 Austriacum,
1138 1560 1223 1628 idest

95 1663 190 1730 levem
207 1669 239 1730 et
254 1663 430 1746 benignum
446 1662 572 1746 imperii
589 1661 728 1746 modum,
743 1663 800 1748 qui
815 1663 936 1748 ubique
952 1669 1114 1734 terrarum
1130 1669 1220 1736 inno-

94 1772 162 1854 tuit,
184 1793 218 1836 rs
242 1772 314 1856 ipsa
339 1769 556 1854 experiemini.
577 1766 730 1854 cogitare
749 1777 858 1838 autem
874 1794 930 1840 ros
946 1771 1081 1859 debetis,
1097 1777 1218 1844 iustum

93 1879 288 1946 infidelitatis
313 1885 348 1946 et
372 1877 611 1946 inconstantiae
630 1879 788 1946 vindicem
805 1879 901 1948 deum
928 1903 1007 1966 esse,
1023 1883 1119 1968 quod,
1135 1884 1219 1970 proh

95 1988 190 2072 dolor,
199 1989 294 2054 nimis
308 1989 382 2073 ipsa
397 1985 641 2072 Transylrania,
656 1987 765 2070 patria
779 1993 897 2074 restra,
913 1985 1053 2075 (utinam
1068 2013 1134 2059 non
1149 2015 1222 2060 sen·

94 2097 196 2184 sisset)
220 2098 330 2181 sensit,
355 2095 507 2180 quodque
531 2115 591 2161 nos
616 2093 781 2162 vobiscum
797 2097 899 2162 oculis
914 2098 1035 2164 nostris
1050 2099 1171 2166 intueri
1187 2107 1221 2168 et

94 2206 226 2273 dolendo
242 2203 370 2289 affectu,
386 2205 557 2290 deplorare
573 2205 727 2290 cogimur.

193 2331 250 2400 Ae
274 2333 356 2399 haec
380 2355 453 2398 cum
478 2331 594 2398 animis
612 2331 729 2398 vestris
744 2331 828 2398 illud
843 2329 985 2398 fideliter
1000 2332 1217 2420 perpendatis,

95 2439 229 2530 [quodsi]
254 2443 477 2527 unusquisque
503 2462 594 2506 suam
618 2441 652 2506 in
677 2463 803 2508 sacram
820 2463 901 2508 caea
919 2463 987 2527 reg.
1003 2446 1103 2508 mtem
1120 2441 1216 2508 fidem

2 2639 3 2642 Ἴ
92 2573 128 2618 ae
150 2551 364 2618 obedientiam
388 2551 493 2634 mags
516 2549 684 2634 magisque
702 2549 860 2634 probarit,
883 2571 921 2616 eo
938 2571 1020 2616 caes.
1036 2551 1096 2616 mti
1113 2551 1215 2617 cario·

93 2681 162 2744 rem,
177 2683 214 2728 co
231 2661 409 2727 caesariam
425 2659 458 2725 in
473 2659 579 2744 ipsum
594 2659 734 2742 gratiam
751 2659 998 2724 cumulatiorem
1013 2658 1091 2725 lore.

189 2785 346 2852 Pernorit
369 2785 454 2850 enim
479 2805 572 2850 sacra
597 2804 678 2851 caes.
703 2805 769 2868 reg.
787 2789 880 2870 mtas,
899 2785 991 2852 nulla
1013 2806 1049 2852 re
1064 2785 1216 2871 proprius

93 2891 230 2959 homines
255 2893 298 2958 sd
332 2891 428 2958 deum
454 2889 616 2976 accedere,
641 2913 739 2976 quarn
764 2893 869 2958 salute
893 2891 1079 2959 hominibus
1097 2891 1215 2978 danda,

94 3005 197 3084 estque
226 3001 369 3088 inclytae
396 2998 512 3065 domus
536 2995 736 3066 Austriacae
760 3000 937 3084 proprium,
961 2997 1157 3084 regibusque
1183 3007 1217 3066 et

2 3091 3 3102 ¹
92 3108 281 3194 principibu
291 3107 638 3190 convenientissimum,
648 3107 762 3172 noxios
773 3105 908 3192 eripere,
918 3107 1026 3194 lapsos
1038 3107 1170 3192 erigere,
1182 3113 1215 3175 et

2 3230 3 3308 ζ
94 3235 211 3284 seruare
227 3237 281 3282 eos
296 3217 393 3300 ipsos,
409 3217 466 3300 qni
482 3237 515 3282 se
525 3213 675 3302 perdunt

189 3339 372 3427 Caeterum,
396 3341 570 3426 singularis
584 3361 670 3406 nnnc
685 3338 728 3406 sd
743 3339 928 3426 provinciae
944 3337 1041 3405 huius
1057 3339 1214 3406 securita-

2 3439 3 3490 ἒ
94 3451 151 3514 tem
174 3457 206 3516 ct
229 3449 503 3534 tranquillitatem
519 3447 687 3534 vigilantis
712 3470 751 3515 ac
766 3447 938 3514 solicitudo
964 3447 1150 3531 requiritur,
1176 3453 1214 3512 ut

2 3561 3 3566 ’
93 3556 322 3642 al'nrcsrum,
350 3557 563 3624 Tartaromm
594 3578 633 3623 ac
663 3557 801 3623 aliorum
840 3555 1045 3622 inimicorum
1076 3553 1211 3638 insidiis,

93 3667 210 3752 rapinis,
235 3665 414 3733 latrociniis
445 3671 477 3732 et
508 3665 634 3730 iniuriis
663 3663 831 3746 liberetur,
850 3661 938 3748 quod
963 3667 1001 3728 ut
1031 3661 1211 3728 auxiliante

2 3819 3 3862 ,
94 3769 190 3842 drino
213 3795 274 3860 ope
298 3771 436 3840 feliciter
466 3771 674 3838 ineffectum
708 3771 906 3854 deducatur,
938 3768 1209 3856 quemadmodum

2 3871 3 3950 ζ
94 3900 174 3948 sacra
202 3903 353 3950 caesarea
386 3903 451 3967 reg.
477 3883 631 3947 maiestas
662 3879 825 3966 praesidia
859 3903 918 3946 sua
952 3879 1149 3946 constituere
1178 3886 1211 3946 et

94 3999 256 4058 roseontra
270 3991 406 4060 hostiles
421 3991 561 4057 insultus
577 3989 661 4056 tueri
678 3989 816 4074 satagit:
834 3989 879 4055 sio
896 3994 929 4054 et
944 4009 1000 4054 vos
1016 3992 1124 4053 vestra
1141 3993 1208 4053 stu·

2 4149 3 4176 ,
96 4095 141 4164 dia
161 4108 192 4168 et
214 4099 368 4167 honestos
392 4105 527 4167 conatus
553 4098 726 4165 extendere
752 4097 924 4163 coniuncta
947 4095 1069 4162 habere
1094 4102 1210 4180 vestra,

95 4223 155 4272 cum
172 4231 245 4276 suae
259 4211 336 4276 mtie
351 4211 444 4292 rotis,
459 4209 541 4275 nihil
557 4209 592 4274 in
607 4207 748 4292 pectoris
764 4227 893 4272 recessu
909 4205 1069 4272 diversum
1086 4211 1210 4291 optare,

2 4327 3 4352 1
96 4317 243 4403 multoque
267 4319 374 4386 minus
399 4317 554 4404 quicquid
574 4323 688 4386 centra
704 4337 785 4384 sacr.
802 4337 883 4382 caes.
907 4335 973 4400 reg.
988 4319 1088 4380 mtem
1105 4318 1210 4380 atten-

96 4423 154 4488 tare
170 4427 300 4494 debetis

1 5032 28 5386 l

185 4551 257 4640 Qua
282 4551 412 4638 quidem
428 4555 462 4620 in
478 4574 522 4638 re,
538 4573 595 4618 vos
611 4552 776 4618 universos
792 4555 826 4617 et
841 4549 984 4636 singulos
999 4553 1125 4616 vestroe
1141 4547 1208 4612 ani·
