3030 5416
341 469 406 532 258
708 479 827 526 uenturi
851 471 1103 529 omniscientem.

447 641 614 729 saepefati
630 642 772 710 director
801 645 835 708 et
866 643 1043 710 consiliarii
1073 644 1176 710 nostri
1208 645 1251 710 ad
1281 643 1460 711 sumendam

342 754 426 819 bono
443 752 556 818 ordine
582 751 622 817 de
638 751 788 818 omnibus
804 748 997 816 officialibus
1018 751 1178 817 rationem
1195 753 1331 838 singulis
1346 757 1460 818 certum

340 867 468 946 tempus
499 882 537 926 ac
567 859 750 942 terminum,
781 859 837 942 qui
863 859 963 924 cuivis
987 879 1046 942 pro
1072 860 1167 926 mode
1183 860 1463 926 administrationis

340 991 417 1036 suae
443 972 630 1052 competens
655 973 688 1033 et
703 967 840 1033 idoneus
856 965 963 1050 suerit,
979 967 1157 1051 nominent,
1171 974 1210 1034 ut
1225 969 1377 1036 videlicet
1391 991 1461 1054 quo

341 1079 389 1143 vis
413 1098 498 1144 anno
515 1098 574 1161 per
589 1077 705 1142 seriem
721 1075 886 1159 quandam
903 1075 986 1140 alius
1016 1075 1207 1160 postellum
1224 1075 1267 1142 ad
1291 1077 1374 1143 diem
1389 1077 1462 1143 desi-

342 1191 477 1270 gnatum
503 1207 575 1250 cum
600 1186 667 1249 suis
686 1182 868 1250 rationibus
884 1189 1101 1268 compareant,
1118 1206 1257 1270 eumque
1282 1185 1365 1251 diem
1388 1187 1462 1252 citru

341 1293 554 1360 rationabiles
580 1314 694 1358 causas
710 1293 840 1358 minime
856 1293 1034 1377 negligent.
1050 1289 1165 1376 Atque
1180 1299 1218 1358 ut
1233 1297 1351 1378 positio
1366 1296 1460 1360 calcu·

342 1403 447 1468 lorum
468 1423 505 1465 eo
531 1401 690 1466 maturius
708 1398 779 1465 fieri
795 1402 906 1485 possit,
922 1402 1078 1484 magistro
1094 1403 1259 1468 rationum
1275 1403 1384 1486 plures
1397 1423 1460 1486 per·

342 1531 439 1576 sonae
455 1508 683 1593 adiungantur.

451 1617 583 1684 Debent
598 1619 696 1682 etiam
713 1639 823 1684 omnes
839 1617 994 1684 officiales
1009 1619 1103 1686 nobis
1134 1641 1173 1686 ao
1204 1620 1393 1686 consiliariis
1408 1639 1457 1684 no

344 1727 421 1793 stris
432 1749 504 1791 oum
515 1726 667 1810 personis,
677 1725 774 1792 rebus
784 1749 822 1792 ac
831 1725 925 1792 bonis
935 1727 1001 1794 suis
1010 1729 1057 1793 ita
1066 1749 1136 1794 esee
1147 1728 1294 1812 subiecti,
1303 1726 1459 1811 utsiqnod

343 1841 457 1900 contra
480 1832 576 1900 fidem
602 1855 694 1900 suam
710 1839 769 1898 aut
783 1835 894 1900 datam
910 1836 988 1920 ipsis
1004 1837 1252 1902 instructionem
1268 1841 1396 1920 agerent
1410 1841 1460 1900 aut

343 1943 508 2010 debitores
532 1948 744 2026 remanerent,
761 1942 903 2009 director
922 1949 956 2008 et
987 1945 1163 2010 consiliarii
1178 1945 1281 2010 nostri
1296 1966 1352 2028 pro
1368 1941 1459 2028 quali-

343 2058 412 2118 tate
443 2058 477 2116 et
508 2051 694 2116 conditione
725 2071 841 2116 causae
872 2052 907 2116 in
937 2051 1020 2116 tales
1036 2052 1296 2118 animadvertere
1312 2058 1343 2118 et
1358 2050 1397 2116 ab
1412 2051 1459 2128 eis,

345 2160 432 2244 quod
457 2158 550 2225 nobis
576 2158 713 2224 debetur
739 2160 823 2225 citra
839 2161 1012 2242 strepitum
1027 2160 1107 2225 iuris
1122 2181 1187 2225 non
1204 2159 1352 2227 obstante
1366 2159 1460 2225 cuius·

344 2290 407 2353 que
422 2267 575 2334 libertate
591 2269 718 2351 exigere
733 2269 866 2352 possint

452 2375 524 2441 Neo
547 2375 690 2442 habeant
714 2377 890 2442 consiliarii
915 2377 1019 2442 nostri
1034 2375 1223 2442 facultatem
1240 2377 1386 2461 cuiquam
1399 2371 1458 2440 olfi-

344 2485 475 2552 cialium
492 2486 667 2550 restantias
682 2485 767 2550 ullas
783 2484 982 2550 remittendi.

453 2589 577 2676 Quodsi
594 2593 771 2658 consiliarii
787 2594 892 2658 nostri
908 2599 997 2659 certo
1012 2594 1202 2660 nesciverint
1217 2598 1251 2658 et
1267 2591 1459 2678 cognoverint

345 2701 518 2767 officialem
535 2701 718 2785 quempiam
734 2702 845 2785 aliqua
860 2707 1015 2786 percepta
1029 2704 1223 2786 praesertim
1238 2701 1379 2768 indebito
1393 2719 1458 2783 quo

345 2809 420 2875 dam
430 2809 525 2874 modo
542 2809 767 2892 suppressisse,
784 2832 886 2894 eaque
902 2811 936 2874 in
951 2812 1080 2876 ratione
1095 2833 1154 2876 sua
1169 2810 1367 2894 produxisse,
1381 2807 1416 2874 de
1426 2827 1457 2871 eo

346 2919 452 3002 ipsum
469 2913 743 2984 commonefacere
754 2922 787 2982 et
803 2939 862 2982 nos
880 2939 1008 3002 quoque
1025 2919 1179 2985 certiores
1195 2917 1332 2984 reddere
1346 2915 1458 2984 debent.

454 3027 671 3095 Committent
697 3028 795 3092 etiam
812 3028 896 3092 serio
913 3027 1033 3092 eisdem
1049 3026 1251 3111 officialibus,
1268 3035 1306 3092 ut
1321 3027 1418 3092 omnia
1431 3026 1459 3088 et

345 3137 473 3221 singula
503 3141 678 3221 praecepta
710 3135 884 3218 diligenter
915 3142 1014 3220 atque
1045 3135 1159 3201 ordine
1175 3157 1240 3201 non
1256 3137 1362 3202 minus
1376 3151 1457 3218 quam

344 3247 415 3332 ipsa
439 3245 585 3330 exposita
610 3243 644 3307 in
659 3249 788 3326 regesta
803 3265 862 3308 sua
878 3265 916 3309 ac
932 3245 1057 3310 codices
1073 3245 1269 3311 rationarius
1285 3243 1418 3310 referant
1431 3245 1457 3303 et

344 3351 532 3436 inscribant,
555 3373 660 3436 neque
685 3352 870 3416 existiment
894 3353 1054 3418 rationem
1079 3357 1308 3438 perceptorum
1338 3347 1458 3422 aliunde,

346 3484 443 3548 quam
460 3483 477 3526 e
492 3459 630 3543 regestis
645 3459 714 3544 peti
730 3465 788 3523 aut
803 3459 1018 3525 demonstrari
1037 3465 1195 3545 oportere.

452 3568 585 3635 Debent
610 3587 739 3651 quoque
763 3573 934 3652 perceptor
949 3567 1000 3633 vel
1026 3567 1151 3633 solutor
1166 3573 1277 3632 noster
1293 3565 1458 3647 caeterique

345 3679 501 3748 officiales
517 3675 651 3760 singulis
668 3675 745 3739 anni
761 3673 1000 3757 quadrantibus
1017 3674 1097 3741 duos
1114 3673 1296 3741 ordinarios
1313 3677 1458 3742 extractus

347 3788 489 3856 omnium
514 3789 742 3870 perceptorum
768 3789 803 3848 et
819 3784 1039 3867 expositorum
1056 3804 1185 3850 suornm
1202 3781 1311 3849 facere
1327 3787 1360 3849 et
1375 3781 1457 3846 direc-

346 3900 411 3964 tori
428 3902 460 3961 et
475 3893 669 3961 consiliariis
678 3893 799 3957 nostris
816 3891 975 3975 exhibere,
992 3913 1129 3975 quorum
1144 3891 1282 3958 alterum
1299 3890 1384 3976 apud
1397 3886 1458 3952 sein

346 4005 476 4074 officina
500 4002 680 4069 rationaria
704 3998 916 4066 revidendum
940 3999 1138 4084 retinebunt,
1163 4001 1304 4066 alteruun
1318 3998 1359 4064 ad
1373 4013 1458 4064 came*

346 4137 417 4182 ram
436 4114 544 4180 cuniae
561 4115 692 4176 nostrae
707 4110 848 4175 mittent.

454 4217 616 4287 Perfectin
638 4213 754 4282 deinde
771 4221 804 4282 et
821 4215 979 4283 conclusis
995 4214 1183 4299 rationibus,
1200 4235 1285 4298 quae
1302 4207 1458 4280 consiliari·

347 4353 439 4399 orum
464 4333 649 4395 nostrorum
664 4326 783 4392 iudicio
800 4323 996 4391 sufficientes
1013 4330 1047 4390 et
1065 4331 1309 4392 consummatae
1324 4319 1458 4390 videbun·

347 4449 410 4522 tur,
435 4441 533 4506 iidem
559 4437 736 4504 consiliarii
760 4437 864 4502 nostri
890 4442 969 4502 tunc
984 4435 1097 4501 literas
1114 4457 1212 4520 super
1228 4431 1379 4500 eiusmodi
1393 4425 1464 4504 rati·¹

347 4548 463 4616 onibus
479 4543 695 4632 expeditorias
705 4565 764 4629 pro
774 4545 815 4609 iis
832 4542 1034 4626 officialibus,
1051 4565 1131 4628 quos
1147 4544 1230 4608 istae
1245 4541 1383 4608 rationes
1397 4553 1458 4600 cou-

347 4659 493 4746 cernunt,
503 4651 575 4719 fieri
585 4651 755 4737 curabunt,
765 4674 804 4718 ac
818 4652 853 4717 in
868 4649 1045 4718 maioribus
1062 4653 1202 4738 summis,
1219 4649 1253 4716 in
1269 4649 1458 4736 quibusopus
