3032 5418
513 543 606 604 1604.
626 567 687 603 κον.
706 549 733 603 2.

160 715 404 784 Generosarum
425 717 684 784 dominationum
710 726 889 786 vestrarum

699 829 795 893 amici
810 830 1010 912 paratissimi

628 951 790 1036 Georgius
806 953 972 1040 Hoffman,
988 978 1029 1022 m.
1045 979 1075 1041 p.

628 1059 767 1128 Carolus
782 1061 937 1146 Irn-Heff,
953 1087 993 1128 m.
1009 1086 1039 1148 p.

626 1168 652 1235 J
653 1191 772 1236 oannes
787 1169 928 1256 Rhener,
944 1195 985 1237 m.
1001 1195 1031 1256 p.

160 1315 291 1371 canas.-
306 1317 470 1389 Magnifice,
496 1338 642 1391 generoso,
660 1323 792 1394 egregiis,
808 1323 959 1391 nobilibus,
976 1324 1101 1396 agilibus
1117 1324 1183 1379 Bal-

60 1405 158 1460 tbesari
176 1406 283 1462 Kornis
299 1409 335 1462 dc
354 1410 472 1465 Ruszka
498 1411 654 1482 capitaneo,
669 1413 776 1468 loanni
800 1413 885 1469 Petki
895 1415 986 1484 judici
1010 1416 1097 1486 regio,
1115 1416 1182 1470 item

1 1528 2 1560 3
60 1496 230 1566 primoribus,
246 1499 415 1568 potioribus,
439 1501 597 1572 primipilis,
622 1503 823 1576 peditibusque
840 1505 997 1576 pixidariis,
1023 1524 1057 1560 ac
1073 1505 1185 1562 univer·

63 1585 133 1640 sitati
149 1587 345 1644 libertinorum
362 1590 520 1646 Siculorum
536 1593 611 1648 sedis
621 1593 773 1650 siculiealis
784 1594 960 1668 Udusrhely.
971 1596 1102 1652 Dominis
1119 1597 1187 1652 arni-

61 1677 96 1730 eis
110 1677 192 1732 nobis
208 1677 392 1738 honorandis.

353 1823 509 1900 (Eredetije
524 1845 566 1899 gr.
583 1827 689 1884 Kornis
705 1826 889 1902 Kdrolyntl.)

590 2089 657 2155 HI.

490 2255 584 2316 1604.
612 2274 702 2319 nor.
728 2257 755 2318 7.

123 2425 234 2492 leols
243 2423 352 2478 esdradr
367 2423 514 2478 mbram
524 2443 533 2476 .·
543 2423 666 2493 fclbirja,
682 2425 749 2495 lropp
764 2425 887 2496 tdrruuljc
902 2447 959 2497 orep
975 2428 1118 2497 Boesbcpt.

162 2559 364 2643 Rudolphus.
381 2564 441 2625 etc.

1 2781 2 2859 f
66 2777 154 2860 pbani
180 2775 379 2862 Botsehlra'y',
405 2778 461 2861 qui
487 2799 569 2862 quas
585 2777 640 2843 diu
657 2779 833 2844 meditatus
849 2777 910 2844 fuit
926 2779 1094 2846 seditiosas
1115 2803 1188 2866 per·

1 2914 2 2968 j
67 2884 152 2952 idias
176 2885 434 2952 machinationes
459 2887 494 2950 in
511 2886 732 2971 superioribus
747 2885 939 2971 Hungariae
955 2888 1113 2972 partibus,
1131 2911 1188 2955 nu·

1 3033 2 3076 ,
67 2993 156 3076 perin
167 3000 314 3078 apertum
334 2992 497 3078 produxit,
515 3015 587 3060 cum
597 2993 807 3079 Ha'y'donum,
824 2995 879 3079 qui
895 2995 989 3061 nobis
1005 2997 1187 3064 iuramento

1 3097 2 3114 *
68 3121 100 3166 ac
121 3102 290 3187 stipendijs
316 3101 464 3168 obstricti
490 3109 593 3187 erant,
618 3103 716 3169 turba
740 3101 967 3169 fraudulenter
991 3127 1030 3170 ac
1050 3103 1187 3171 subdole

68 3229 148 3276 suam
170 3212 204 3276 in
229 3211 407 3278 factionem
432 3215 600 3296 pertracta
624 3210 658 3276 id
684 3209 798 3294 effecit,
813 3215 852 3276 ut
867 3210 998 3278 deserta
1012 3212 1071 3296 illi,
1088 3235 1186 3298 quam

1 3351 2 3406 r
68 3317 150 3383 nobis
174 3318 338 3386 debebant
363 3317 435 3402 fids,
452 3340 525 3384 cum
542 3319 646 3403 pridie
662 3317 861 3402 stipendium
878 3321 1087 3404 accepissent,
1104 3343 1189 3387 eom·

1 3457 2 3484 t
69 3425 218 3493 militones
243 3423 428 3492 Germanos
452 3427 647 3510 intempesta
678 3431 774 3493 noete
798 3426 977 3510 proditorie
1001 3429 1188 3513 invaserint,

1 3565 2 3612 ;
70 3539 156 3619 atque
180 3535 408 3620 oppresserint.
434 3531 507 3617 Quo
538 3539 726 3618 perpetrate
752 3534 903 3618 facinore,
928 3537 1033 3620 magis
1058 3537 1092 3601 in
1119 3537 1189 3602 dies

1 3641 2 3680 1
70 3644 223 3728 magisque
241 3642 468 3708 insolentiores
482 3663 541 3726 per
557 3641 714 3708 ditionem
730 3641 977 3726 pergressando,
993 3642 1027 3707 in
1045 3640 1185 3726 quoduis

1 3776 2 3840 3
70 3767 130 3812 sese
152 3749 277 3816 facinus
301 3747 478 3814 effundant.
503 3747 575 3816 Nos
599 3769 676 3814 vero
700 3756 739 3816 ut
762 3749 900 3833 gliscens
924 3749 986 3815 boc
1002 3748 1189 3814 incendium

71 3859 280 3943 tempestivius
302 3858 536 3942 restringamus
561 3858 706 3924 rationes
722 3877 932 3943 quascunque
951 3857 1110 3941 inivimus,
1126 3859 1190 3923 ius·

1 3971 2 4064 l
72 3966 245 4052 fiammaque
271 3987 363 4032 arma
389 3965 585 4049 expedimus.
603 3962 659 4030 Ad
676 3987 760 4050 quae
776 3967 803 4030 si
820 3966 975 4032 accedero
990 3969 1101 4032 vestra
1115 3987 1187 4050 pos·

1 4101 2 4144 r
72 4073 137 4157 sint,
159 4097 241 4162 quae
258 4075 398 4142 antebac
418 4073 631 4141 tumultuarie
649 4071 881 4140 coufluentium
897 4073 1069 4140 rebellium
1086 4071 1191 4140 Tran-

1 4174 2 4224 l
72 4183 267 4266 siluauorum
293 4183 426 4269 globum
450 4183 590 4249 feliciter
615 4203 844 4268 compressere,
869 4203 935 4249 non
963 4181 1099 4248 dubium
1132 4189 1190 4266 est,

1 4300 2 4380 l
72 4291 141 4373 quin
161 4295 332 4380 pristinam
358 4294 406 4358 rei
421 4291 498 4359 illae
514 4293 548 4358 in
564 4291 840 4377 tranquillitatem
854 4292 944 4358 illico
960 4291 1192 4374 restituendae,

1 4407 3 4434 l
74 4403 102 4462 et
118 4405 168 4484 qui
183 4403 317 4469 excitati
337 4400 471 4467 fuerunt
485 4405 593 4467 motus
609 4401 749 4467 feliciter
773 4399 986 4485 componendi
1004 4401 1077 4466 sint
1094 4395 1192 4482 Quic-

1 4529 2 4592 j
74 4507 142 4588 quid
163 4517 270 4578 autem
296 4511 425 4578 anobis
441 4512 475 4576 in
493 4532 530 4576 eo
546 4511 740 4594 praest'tum
756 4507 864 4590 fuerit,
880 4507 975 4574 nobis
991 4527 1191 4591 magnopere

76 4621 199 4700 gratum,
216 4624 248 4685 et
264 4621 313 4684 rei
330 4617 525 4685 christianae
541 4618 692 4702 publicae
707 4616 769 4683 hoc
785 4615 872 4682 bello
890 4614 1028 4680 Tureice
1045 4615 1193 4698 apprime

1 4751 2 4824 j
77 4731 278 4806 opportunum
302 4727 456 4812 futurum,
483 4748 547 4812 quo
572 4726 731 4810 insignem
763 4725 849 4808 apud
872 4745 983 4790 omnes
998 4723 1130 4788 laudem
1145 4723 1193 4786 in-
